3116 4790
1608 368 1689 434 48

700 560 775 624 In
835 562 957 628 hac
1011 587 1242 631 scaena
1286 569 1607 634 Leonidas
1668 570 1889 639 servus
1949 578 2283 643 atriensem
2327 580 2634 647 Sauream
2687 607 2757 650 se

536 683 670 726 esse
713 664 1012 730 simulans
1049 669 1420 754 expostulat
1461 694 1605 735 cum
1644 685 1999 741 mercatore
2037 682 2316 764 quodam
2358 685 2439 749 de
2478 689 2754 770 pecunia

533 763 655 828 sibi
701 768 1035 851 tradenda,
1094 793 1286 856 quam
1333 771 1436 837 ille
1482 795 1597 860 pro
1644 778 1869 861 emptis
1916 780 2111 845 asinis
2158 782 2455 851 debebat.
2546 784 2756 865 Quem

536 875 740 930 tamen
786 890 930 932 cum
988 872 1186 936 variis
1227 872 1519 956 fallaciis,
1591 878 1797 959 miniS,
1868 881 2222 950 maledictis
2266 886 2587 952 adducere
2631 910 2758 952 non

534 970 749 1053 possit,
796 981 868 1034 ut
913 994 1020 1036 ero
1067 972 1328 1039 absente
1370 988 1709 1061 argentum
1759 979 1883 1044 sibi
1923 983 2046 1068 ipsi
2078 980 2320 1068 credat,
2367 988 2624 1052 tandem
2668 989 2753 1054 ad

532 1070 993 1137 Demaenetum
1054 1097 1233 1140 erum
1287 1101 1499 1143 secum
1554 1104 1685 1147 una
1727 1083 1822 1147 ire
1862 1085 2041 1150 iubet
2084 1089 2222 1170 (vv.
2269 1090 2409 1154 488.
2455 1091 2625 1170 490).
2669 1130 2751 1140 -

531 1171 658 1237 Sed
705 1183 779 1239 ut
821 1175 987 1240 aliae
1030 1178 1369 1244 Asinariae
1411 1192 1630 1265 partes
1673 1185 1766 1246 ita
1819 1187 2010 1250 etiam
2051 1188 2214 1254 haec
2272 1212 2503 1255 scaena
2562 1203 2624 1256 et
2670 1193 2753 1258 ab

529 1421 807 1480 ponebatur
843 1436 900 1470 ea
939 1438 1042 1472 vox
1078 1427 1227 1474 etiam
1255 1451 1320 1461 —
1347 1428 1402 1476 id
1438 1429 1571 1490 quod
1601 1433 1735 1493 fugit
1768 1435 1904 1483 viros
1942 1436 2113 1485 doctos
2138 1462 2204 1472 —
2244 1453 2355 1489 cum
2379 1442 2493 1502 quis
2516 1443 2613 1490 sibi
2638 1443 2754 1506 ipse

527 1521 615 1568 per
632 1510 796 1557 iocum
817 1512 1154 1562 obtrectabat:
1193 1517 1323 1566 conf.
1342 1517 1504 1567 Plaut.
1529 1519 1658 1568 Rud.
1682 1525 1799 1570 461.
1834 1523 2037 1574 Praeter
2060 1532 2285 1576 nostrum
2308 1529 2474 1577 locum
2501 1544 2580 1578 un
2597 1544 2624 1577 o
2649 1533 2751 1581 alio

529 1594 757 1644 additum
796 1605 872 1647 est
911 1600 1151 1652 dixerim:
1192 1605 1343 1665 Apul.
1371 1606 1480 1656 flor.
1514 1610 1640 1669 3,16
1671 1612 1806 1672 quod
1841 1612 2051 1677 difficile
2084 1617 2231 1678 factu
2256 1624 2366 1666 erat
2393 1653 2404 1666 .
2442 1654 2454 1667 .
2491 1653 2505 1668 .
2543 1624 2753 1678 pratum

528 1699 627 1733 esse
657 1690 846 1748 populo
882 1723 894 1736 .
930 1723 944 1739 .
985 1722 1002 1739 .
1036 1690 1109 1747 id,
1138 1694 1610 1755 praefascine
1664 1700 1989 1760 diaecrim,
2036 1704 2159 1752 iam⁴
2184 1706 2408 1768 quodam
2432 1707 2583 1757 modo
2622 1709 2754 1758 mihi

529 1773 728 1836 obtiyit.
765 1776 1011 1832 (Formam
1046 1785 1376 1844 praesa-scine
1400 1791 1614 1834 testatur
1639 1789 1791 1837 etiam
1817 1789 2078 1839 Charisius
2117 1796 2243 1852 2,15
2282 1810 2331 1858 p.
2371 1797 2511 1856 210).
2550 1796 2748 1847 Omisso

527 1861 742 1912 dixerim
780 1871 1015 1927 quattuor
1055 1869 1180 1920 locis
1215 1874 1533 1935 praefiscini,
1569 1891 1622 1924 -e
1656 1879 1902 1929 occurrit:
1943 1881 2094 1929 Plaut
2132 1882 2258 1932 Rud.
2300 1887 2417 1946 461,
2459 1885 2620 1936 Titin.
2654 1889 2747 1934 110

526 1949 689 2013 Ribb.,
727 1955 902 2004 Afran.
943 1961 1009 2006 36
1030 1958 1198 2017 Ribb.,
1235 1961 1434 2010 Patron.
1475 1965 1555 2024 73,
1578 1969 1607 2012 6
1645 1966 1841 2023 (Neue
1878 1969 1985 2017 Lat.
2025 1970 2272 2019 Formenl.
2307 1969 2386 2019 112
2425 1986 2474 2034 p.
2515 1972 2654 2035 6⁸2).
2680 1999 2732 2008 -

528 2038 604 2086 Ad
643 2041 807 2103 ipsam
845 2042 1055 2092 formam
1091 2048 1137 2093 si
1168 2056 1473 2112 *spectamina
1515 2054 1691 2114 utique
1728 2068 1839 2102 cum
1875 2056 2316 2105 Hildebtand
2338 2073 2365 2107 o
2404 2058 2483 2117 (ad
2523 2061 2672 2124 Apul.
2709 2060 2742 2110 1.

524 2128 584 2183 c.)
632 2129 840 2187 cogitari
892 2134 1066 2193 nequit
1116 2132 1178 2180 de
1230 2142 1424 2184 vetusto
1477 2140 1646 2203 aliquo
1699 2143 1995 2205 imperativo
2048 2146 2189 2193 verbi
2233 2146 2373 2207 ‘quod
2412 2154 2488 2196 est
2532 2149 2747 2210 praefa-

524 2216 740 2263 scinare.
812 2218 1074 2274 (Inferiore
1103 2221 1301 2271 demum
1338 2231 1501 2276 aetate
1539 2229 1631 2276 hoc
1668 2232 1872 2279 verbum
1910 2235 2200 2293 invenitur3
2238 2238 2367 2284 conf.
2405 2236 2645 2298 Porphyr.
2683 2237 2746 2285 ad

523 2300 644 2351 Hor.
685 2304 826 2366 epod.
867 2310 994 2369 8,18
1025 2312 1297 2373 fascinum
1324 2330 1424 2376 pro
1460 2321 1609 2367 virili
1638 2324 1792 2380 parte
1822 2325 2012 2383 posuit,
2052 2325 2299 2386 quoniam
2332 2325 2743 2387 pracfasci-

524 2392 793 2442 nandis
843 2397 989 2446 rebus
1025 2400 1147 2448 haec
1181 2404 1397 2453 membri
1421 2407 1738 2468 difformitas
1774 2415 1971 2472 apponi
2006 2415 2165 2467 solet.)
2220 2411 2426 2461 Chari
2447 2416 2550 2462 siu
2571 2428 2594 2462 s
2631 2415 2664 2463 1.
2701 2428 2741 2462 s.

522 2492 563 2525 s.
598 2481 675 2529 sic
728 2484 979 2545 explicat:
1029 2488 1372 2550 praefascine,
1407 2494 1443 2541 i.
1481 2511 1520 2544 c.
1557 2499 1667 2545 sine
1707 2497 1934 2558 fascino.
1988 2502 2124 2562 quod
2177 2501 2359 2551 Graeci
2408 2493 2741 2566 α’βοὶσκαντα

521 2568 874 2626 [coniecerimt
915 2563 1242 2634 α’βασκαντί
1269 2580 1347 2626 vel
1387 2574 1782 2644 οέβασκοὶντως]
1819 2586 2016 2634 dicunt.
2069 2588 2128 2635 ld
2162 2596 2294 2638 certe
2329 2590 2604 2639 tenendum
2638 2592 2738 2638 erit

521 2670 690 2705 vocem
702 2673 828 2720 prae
839 2686 864 2696 -
876 2662 1060 2723 fiscim‘,
1078 2681 1129 2714 -e
1144 2668 1457 2716 referendum
1471 2683 1580 2718 esse
1596 2672 1655 2717 ad
1675 2674 2044 2721 substantivum
2058 2675 2327 2736 fascinum
2340 2675 2428 2739 (=
2437 2671 2737 2741 βασκανία,

518 2740 861 2809 βασκάνιονς
901 2750 1017 2799 vide
1039 2753 1276 2817 Vanicek‚
1315 2757 1536 2817 Etymol.
1578 2758 1819 2808 Wiirterb.
1846 2775 1893 2824 p.
1928 2764 2057 2810 1170
2082 2776 2207 2827 sqq„
2251 2764 2381 2813 Gall.
2406 2764 2531 2812 XVI
2559 2767 2634 2825 1⁸2,
2656 2767 2739 2822 4.).

523 2834 594 2880 Αο
611 2835 813 2885 videtur
828 2842 1132 2903 praefiscini
1152 2857 1308 2905 aeque
1332 2859 1388 2893 80
1409 2850 1621 2910 vesperi,
1660 2851 1875 2897 crastini
1911 2852 2069 2899 simil.
2094 2866 2203 2901 esse
2240 2854 2395 2902 forma
2417 2856 2481 2902 lo
2496 2869 2524 2903 0
2542 2868 2569 2900 8
2585 2854 2642 2901 ti
2666 2868 2695 2899 v
2710 2867 2739 2900 8

519 2923 1195 2995 (Buecheler-Windekilde,
1247 2933 1353 2983 Lat.
1407 2935 1550 2983 Decl.
1593 2950 1642 2999 p.
1687 2940 1780 2986 117
1820 2940 1863 2997 5.
1905 2940 2035 2997 3043
2099 2942 2231 2991 conf.
2292 2940 2425 2990 Geli.
2476 2940 2526 2988 X
2578 2943 2659 3001 24,
2686 2943 2735 2999 8,

516 3011 730 3064 Macrob.
753 3017 855 3068 Sat.
878 3021 902 3067 1
925 3022 973 3079 4,
1003 3023 1066 3067 20
1088 3024 1218 3083 sqq.)
1238 3037 1251 3073 t
1293 3022 1412 3070 haec
1437 3029 1603 3073 autem
1630 3024 1765 3086 quod
1802 3028 2058 3075 notionem
2086 3041 2137 3074 m
2155 3041 2182 3074 o
2203 3027 2235 3075 d
2251 3029 2311 3075 al
2330 3042 2356 3075 e
2373 3042 2422 3075 m
2445 3028 2663 3076 adscivit
2687 3033 2738 3077 et

516 3101 571 3148 in
595 3101 824 3152 adverbii
849 3108 951 3156 fere
977 3114 1204 3158 naturam
1227 3112 1447 3173 transiit,
1487 3126 1585 3161 non
1612 3120 1687 3163 est
1712 3116 1920 3176 mirum;
1964 3129 2177 3177 namque
2198 3116 2402 3164 omnino
2426 3115 2661 3165 adverbia
2686 3118 2738 3164 in

518 3193 575 3236 -ὃ
608 3194 845 3242 exeuntia
880 3198 1079 3258 origine
1130 3206 1249 3248 sunt
1302 3202 1486 3260 formae
1525 3202 1769 3250 locativae
1808 3201 1961 3265 (conf.
2000 3205 2149 3251 etiam
2197 3202 2520 3250 modalem
2570 3202 2738 3262 signi-

516 3278 800 3330 ficationem
840 3286 1023 3335 formae
1060 3289 1179 3350 qui:
1243 3290 1466 3354 Kienitz‚
1507 3291 1567 3340 de
1605 3292 1695 3354 qui
1731 3293 1906 3341 localis
1944 3291 2158 3340 modalis
2194 3306 2272 3353 ap.
2309 3292 2461 3352 prisc.
2498 3302 2591 3337 scr.
2626 3290 2737 3338 Lat.

516 3379 613 3414 usu
648 3369 727 3429 [in
763 3369 884 3420 Nov,
921 3387 1034 3422 ann.
1071 3378 1316 3440 supplem.
1359 3381 1436 3429 10.
1474 3393 1520 3429 8.
1565 3380 1756 3440 1879]).
1815 3380 1951 3428 Illud
1977 3382 2249 3443 praefixum
2271 3396 2401 3443 prae
2437 3378 2736 3441 respondere

513 3460 636 3515 puto
675 3457 864 3507 Graeco
900 3457 1028 3527 πρό,
1065 3464 1196 3523 quod
1234 3467 1287 3512 in
1316 3479 1434 3515 voce
1459 3462 1884 3532 προβασκάνιον
1919 3468 2086 3516 sedem
2114 3469 2288 3520 habet:
2331 3470 2512 3530 quibus
2540 3468 2733 3517 vocum

510 3545 745 3604 praefixis
782 3549 1059 3609 significari
1096 3552 1318 3602 videtur:
1350 3558 1473 3618 fort,
1509 3571 1630 3619 wey,
1668 3558 1879 3615 Ιιὲηωερ,
1915 3558 1984 3604 ita
2022 3563 2079 3605 ut
2113 3558 2332 3619 pristina
2369 3569 2466 3602 vox
2503 3568 2629 3616 quae
2656 3559 2736 3603 est

516 3627 909 3697 *praefiscinum
945 3638 1035 3702 (=
1058 3643 1260 3706 hinwey
1297 3645 1378 3693 dic
1403 3645 1701 3708 Bcheaeuny)
1738 3645 1966 3705 designet
1988 3646 2216 3706 quamvis
2244 3645 2590 3692 fascinationis
2616 3655 2733 3704 pro-

515 3718 817 3772 hibitionem
870 3727 949 3773 vel
1003 3730 1443 3791 propulsationem.
1489 3760 1542 3768 —
1586 3734 1681 3784 Sed
1721 3748 1830 3782 cum
1864 3736 2132 3797 fascinum
2169 3747 2264 3782 non
2301 3734 2446 3781 modo
2482 3735 2734 3794 significet

510 3806 797 3873 Beheaeuny,
851 3827 1020 3863 verum
1073 3819 1223 3865 etiam
1257 3819 1314 3866 M
1322 3822 1488 3869 ittet
1533 3838 1748 3884 yeyen
1797 3824 2079 3883 Bcheaeun9‚
2135 3824 2300 3884 possis
2338 3823 2490 3871 etiam
2529 3823 2618 3868 hac
2654 3820 2729 3867 uti

514 3897 873 3960 explicatione:
943 3900 1426 3971 ¹'¹pv·ae-fa.‹³ciaium
1461 3916 1536 3959 est
1569 3910 1838 3971 fascinum
1874 3913 2134 3970 (rimula),
2174 3910 2308 3974 quod
2344 3911 2533 3971 aliquis
2567 3923 2600 3970 p
2621 3922 2730 3956 rae

510 3997 564 4033 se
615 3988 712 4035 fert
760 3995 1009 4053 tamquam
1058 3999 1484 4058 propugnaculum
1536 4000 1856 4049 fascinationi
1901 4004 2201 4062 oppositum.
2273 3998 2579 4062 Quamquam
2618 4009 2729 4046 cum

508 4088 541 4135 p
560 4088 583 4121 r
602 4075 620 4121 i
638 4080 939 4139 migenia
974 4083 1274 4143 significatio
1313 4087 1540 4135 vocabuli
1574 4090 1842 4149 fascinum
1878 4090 1948 4138 sit
1975 4090 2259 4152 Beheaeuny‚
2293 4091 2431 4152 prior
2456 4091 2547 4138 illa
2572 4091 2728 4139 inter·

509 4169 726 4227 pretatio
761 4172 1071 4232 probabilior
1105 4188 1215 4224 esse
1254 4175 1380 4223 mihi
1416 4176 1629 4226 videtur.
