3116 4790
1390 295 1466 361 81

324 496 458 562 fere
515 507 665 563 sunt
719 496 982 583 triginta
1001 496 1063 570 ¹).
1153 497 1342 578 Quod
1400 506 1616 564 autem
1676 496 1990 584 pleniores
2045 500 2286 565 formae
2351 500 2536 587 longe

322 620 586 663 numero
653 608 962 685 superant
1022 597 1369 683 breviores,
1433 601 1551 667 hoc
1616 623 1698 666 ex
1762 609 1951 686 parte
2012 601 2160 667 inde
2225 603 2537 686 explicari

323 710 552 787 potest,
606 701 775 789 quod
820 702 917 766 vis
960 711 1021 765 et
1063 703 1225 767 ratio
1269 701 1536 788 perfecti
1580 703 1971 770 coniunctivi
2021 726 2135 789 per
2178 725 2215 768 r
2253 704 2535 769 litteram

325 801 459 867 ficti
501 804 727 869 melius
772 805 1066 868 convenit
1103 806 1346 890 protasi
1380 803 1810 869 condicionem
1846 804 2133 870 futuram
2164 809 2537 871 continenti:

323 927 476 972 nam
534 905 719 971 verbi
775 907 942 970 actio
985 905 1077 969 ibi
1119 926 1309 992 saepe
1351 915 1598 992 spectat
1641 907 1727 971 ad
1773 909 2295 992 ‘praeteritum
2335 911 2402 975 in
2444 910 2541 974 fu·

323 1010 488 1076 turo’
534 1008 736 1089 (velut
781 1007 992 1076 Plaut.
1036 1008 1170 1073 Mil.
1202 1008 1419 1093 1363);
1464 1030 1631 1096 quae
1660 1011 1832 1075 notio
1870 1009 2079 1076 aliena
2116 1022 2211 1077 est
2248 1033 2288 1075 a
2322 1013 2539 1077 formis

321 1113 542 1178 littera
585 1133 618 1177 s
660 1111 1034 1196 insignibus.
1084 1148 1155 1159 —
1205 1112 1371 1177 Sane
1429 1113 1903 1191 concedendum
1954 1124 2049 1178 est
2103 1117 2236 1202 eius
2282 1117 2371 1178 rei
2413 1137 2539 1180 non

321 1238 569 1302 semper
625 1215 935 1279 rationem
999 1237 1133 1279 esse
1191 1214 1499 1297 habitam,
1566 1217 1658 1280 ita
1708 1223 1781 1279 ut
1832 1216 2067 1281 formas
2111 1217 2435 1283 breviores
2478 1228 2541 1281 et

319 1318 635 1405 pleniores
689 1318 757 1382 in
802 1317 1023 1383 eodem
1065 1319 1366 1383 orationis
1411 1340 1605 1383 cursu
1648 1318 2005 1404 promiscue
2050 1328 2396 1405 usurpatas
2441 1321 2538 1384 in-

320 1421 564 1504 venias,
633 1443 683 1485 e.
731 1443 792 1504 g.
839 1422 904 1483 in
951 1420 1322 1507 syngrapho
1380 1419 1657 1506 quodam
1719 1441 1758 1483 a
1800 1419 2061 1485 Diaboli
2119 1421 2538 1486 adulescentis

321 1524 605 1608 parasito
653 1522 1007 1608 conscripto
1052 1524 1161 1608 qui
1205 1531 1420 1587 exstat
1462 1522 1643 1588 Asin.
1690 1522 2056 1599 751—807:
2101 1527 2363 1608 occeperit
2396 1523 2538 1604 794,

322 1623 574 1708 aspexit
627 1624 783 1705 (non
825 1623 1046 1706 indic.)
1095 1624 1246 1706 7703
1315 1632 1541 1689 contra
1588 1623 1830 1688 dixeris
1873 1623 2107 1709 legitur
2149 1626 2214 1689 in
2258 1649 2365 1691 vv.
2409 1627 2536 1690 800

320 1734 382 1789 et
426 1726 572 1807 806,
617 1725 874 1790 iusserit
915 1724 1037 1789 803
1063 1723 1129 1802 2).
1170 1808 1175 1811 -

486 1825 611 1891 Sed
670 1826 753 1890 ad
814 1825 990 1890 illam
1047 1845 1239 1911 quam
1283 1825 1495 1910 priore
1536 1824 1671 1890 loco
1716 1826 2041 1910 posuimus
2084 1825 2395 1889 rationem
2439 1847 2541 1889 ac-

320 1929 508 1994 cessit
570 1927 745 1993 aliud
805 1928 1132 2014 quiddam,
1195 1949 1313 1991 cur
1352 1928 1626 1993 scaenici
1675 1928 2066 2013 potissimum
2123 1935 2349 2012 poetae
2392 1948 2540 1991 non-

320 2050 670 2115 numquam
706 2028 1018 2114 pleniores
1053 2029 1290 2094 formas
1320 2028 1725 2094 brevioribus
1759 2029 2167 2115 praeferrent.
2219 2028 2538 2093 Pleniores

320 2132 509 2212 enim,
552 2153 697 2195 cum
732 2132 1095 2217 saepissime
1123 2132 1189 2196 in
1227 2130 1558 2216 dactylum
1596 2132 1700 2198 vel
1731 2132 2039 2197 creticum
2077 2132 2346 2213 exirent,
2378 2153 2541 2196 com-

322 2233 751 2299 modissimam
801 2254 1210 2298 numerorum
1263 2231 1618 2297 clausulam
1659 2232 1726 2295 in
1761 2233 2197 2320 compluribus
2237 2256 2539 2300 versuum

319 2335 666 2423 generibus
708 2334 1124 2422 praebebant.
2149 2405 2152 2408 ,

490 2439 594 2502 An
645 2438 910 2509 fortuito
970 2436 1225 2517 accidit,
1290 2444 1363 2500 ut
1428 2435 1602 2521 apud
1654 2435 1955 2502 Plautum
1976 2436 2024 2519 3)
2080 2438 2230 2504 illae
2293 2439 2537 2505 formae

320 2561 581 2626 paene
624 2561 893 2604 omnes
935 2540 998 2601 in
1043 2559 1346 2603 versuum
1401 2536 1528 2602 fine
1570 2537 1699 2602 sint
1741 2539 1983 2623 positae
2002 2539 2106 2621 4)?
2192 2541 2406 2628 Atque
2449 2543 2540 2604 in·

321 2644 674 2709 veniuntur
714 2642 876 2707 haec
917 2640 1211 2726 exempla
1254 2641 1320 2704 in
1357 2639 1649 2705 clausula
1692 2642 1747 2705 1.
1792 2644 2113 2706 senarii
2155 2643 2541 2707 iambici:

320 2747 582 2812 iusserit
615 2746 790 2814 Asin.
823 2745 967 2827 803,
1016 2744 1286 2809 dixerim
1322 2744 1499 2812 Trin.
1540 2743 1683 2826 755,
1725 2743 1960 2810 dixerit
1993 2745 2171 2810 Asin.
2209 2746 2351 2813 800.
2396 2746 2541 2826 806,

323 2850 818 2917 circumduxerit
855 2849 1088 2915 Bacch.
1134 2849 1279 2931 311,
1334 2847 1684 2931 acceperim
1724 2848 1903 2915 Trin.
1948 2848 2104 2931 6953
2164 2848 2224 2915 2.
2269 2856 2541 2933 septe-

506 3095 551 3158 1)
587 3095 715 3145 Sane
766 3094 1098 3158 reputandum
1150 3098 1225 3142 est
1274 3094 1557 3142 breviorum
1608 3095 1870 3142 formarum
1919 3108 2179 3142 numerum
2231 3094 2544 3156 aliquantum

325 3185 495 3245 augeri
533 3184 754 3232 futuri
790 3197 878 3245 per
916 3198 966 3232 -ε
1004 3183 1204 3230 formati
1235 3183 1497 3243 exemplis,
1535 3195 1647 3230 cum
1686 3182 1738 3230 id
1777 3185 1943 3246 ipsum
1966 3180 2197 3247 (excepta
2232 3182 2277 3232 1.
2314 3186 2546 3245 persona)

325 3286 519 3334 semper
566 3285 671 3320 rem
723 3271 1139 3321 condicione
1190 3269 1495 3331 adstrictam,
1547 3283 1819 3332 numquam
1867 3283 1980 3320 vero
2030 3272 2330 3321 sententiam
2368 3285 2456 3333 per
2492 3285 2545 3319 se

326 3360 542 3423 positam
578 3360 854 3427 significet:
927 3359 1173 3418 Luebbert
1206 3358 1229 3404 1
1268 3371 1318 3418 p.
1357 3361 1398 3407 8.
1424 3370 1536 3418 sqq.

499 3445 551 3505 2)
591 3448 669 3496 De
704 3448 863 3495 forma
897 3446 1217 3495 abalienarit
1255 3442 1408 3509 (764)
1445 3457 1563 3491 mox
1601 3443 1781 3491 dicam.

503 3535 548 3596 ⁸>
587 3536 759 3585 Solius
793 3536 965 3584 Plauti
1001 3536 1246 3582 rationem
1283 3534 1455 3595 haben,
1510 3533 1749 3600 quoniam
1784 3537 1979 3583 constat
2015 3539 2130 3597 post
2168 3535 2279 3582 eius
2336 3537 2546 3581 aetatem

328 3625 487 3685 magis
535 3626 788 3686 magisque
836 3626 1139 3674 obsolevisse
1197 3624 1380 3672 formas
1432 3623 1687 3672 breviores
1745 3620 1995 3684 (exceptis
2029 3625 2196 3685 faa-im
2237 3627 2287 3671 et
2323 3618 2539 3683 ausimJ:

326 3714 580 3775 pleniores
615 3715 768 3774 igitur
805 3714 941 3762 solae
975 3714 1140 3762 locum
1179 3713 1488 3763 obtinebant.

501 3800 544 3858 4)
581 3800 796 3848 Omnino
832 3802 1042 3851 Plautus
1077 3803 1233 3850 futuri
1269 3803 1334 3852 ΙΙ.
1379 3808 1428 3850 et
1462 3802 1590 3864 perf.
1628 3801 1934 3850 coniunctivi
1988 3800 2175 3848 formas
2212 3801 2267 3847 in
2306 3800 2402 3848 fine
2440 3812 2549 3846 ver-

330 3904 475 3939 suum
512 3905 698 3954 ponere
735 3893 960 3942 solebat:
1012 3892 1173 3940 Brix
1207 3892 1269 3939 ad
1307 3892 1420 3941 Mil.
1460 3907 1504 3940 ν.
1544 3893 1644 3939 328
1685 3889 1795 3939 adn.
1849 3889 1979 3946 crit„
2030 3886 2315 3935 Meirart
2360 3889 2396 3935 l.
2437 3901 2473 3934 ε.
2512 3900 2551 3931 s.

328 3995 379 4042 p.
418 3982 483 4027 23
522 3993 594 4041 sq.
668 3982 741 4029 De
778 3983 1030 4030 similibus
1079 3969 1309 4028 artificiis
1365 3981 1587 4028 metricis
1637 3978 1770 4026 conf.
1823 3973 2117 4025 Conradt
2157 3974 2324 4022 Herm.
2365 3973 2412 4019 X
2461 3973 2550 4019 104

331 4080 456 4131 sqq„
493 4068 657 4115 Brix
695 4068 756 4115 ad
792 4068 900 4118 Mil.
938 4085 983 4116 v.
1022 4072 1135 4128 461,
1175 4068 1514 4116 Dziatzko
1554 4065 1618 4113 ad
1658 4064 1868 4127 Adelph.
1910 4078 1989 4112 vv,
2029 4065 2111 4111 55.
2157 4063 2269 4110 106.

427 4185 537 4228 Ora
555 4197 598 4225 m
615 4197 676 4228 er
699 4216 712 4237 ‚
756 4189 820 4227 De
847 4190 956 4237 perf.
981 4189 1094 4230 conl.
1124 4198 1207 4228 usu
1238 4191 1404 4237 potent.
1431 4197 1500 4237 ap.
1528 4197 1591 4235 pr.
1622 4196 1704 4228 ser.
1734 4184 1825 4226 Lat.
2104 4161 2141 4218 6
