3116 4790
1573 336 1654 400 74

519 535 678 600 Cato
728 537 789 602 d.
836 558 970 621 agr.
1016 537 1135 604 111.
1182 545 1239 602 si
1292 541 1499 604 corbes
1543 540 1912 604 contritae
1953 541 2169 619 sient,
2235 544 2304 603 ut
2345 543 2725 604 commutare

672 640 887 722 possis
906 640 975 724 ¹).

1572 855 1663 911 11.

688 962 828 1026 Non
884 982 967 1025 ex
1022 961 1389 1027 condicione
1447 985 1774 1049 suspensa,
1837 964 1947 1029 sed
1992 966 2057 1027 in
2103 963 2399 1029 absoluta
2440 964 2728 1029 oratione

520 1064 727 1148 posita
771 1074 921 1128 sunt
965 1064 1090 1128 duo
1136 1065 1428 1151 exempla
1468 1067 1890 1132 Terentianat
2198 1120 2210 1132 .

624 1174 630 1182 '
667 1170 724 1232 1.
772 1166 971 1233 Andr.
1017 1168 1141 1231 203
1197 1166 1314 1234 Ubi
1350 1171 1450 1233 vis
1475 1169 1752 1252 facilius
1787 1188 2069 1253 passus
2111 1167 2247 1233 sim
2284 1153 2468 1251 (jacam
2510 1168 2580 1232 in
2611 1167 2728 1232 hac

764 1289 834 1332 re
874 1288 973 1332 me
1014 1268 1295 1335 deludier
1308 1269 1374 1352 ²).

685 1371 788 1435 Sic
834 1392 960 1437 ree.
1003 1371 1196 1456 Oall.;
1239 1372 1375 1439 eod.
1416 1375 1475 1438 A
1516 1371 1921 1438 desideratur
1963 1372 2027 1434 in
2063 1370 2187 1434 hae
2220 1368 2482 1434 fabulae
2524 1378 2727 1456 parte.

661 1470 719 1535 2.
764 1470 1037 1559 Adelph.
1083 1473 1207 1540 443
1254 1473 1453 1540 Haud
1505 1478 1623 1539 cito
1675 1474 1829 1539 mali
1881 1472 2034 1556 quid
2077 1476 2314 1537 ortum
2361 1491 2440 1535 ex
2480 1471 2592 1536 hoc
2633 1474 2732 1537 sit

754 1572 1021 1656 publice.

681 1674 854 1740 haud
891 1678 1020 1740 scio
1066 1677 1220 1741 mali
1263 1682 1415 1759 (scio
1470 1679 1535 1741 in
1591 1680 1846 1759 rasura)
1890 1678 1952 1741 D
1996 1686 2057 1741 et
2099 1677 2339 1742 Donati
2383 1676 2481 1740 ed.
2524 1676 2728 1761 prino.

518 1778 583 1840 in
628 1778 937 1846 lemmate.

687 1878 1061 1960 Quaeritur,
1105 1880 1215 1964 qui
1256 1879 1496 1943 factum
1538 1881 1642 1960 sit,
1693 1887 1765 1941 ut
1807 1877 1967 1962 perf.
2012 1876 2342 1963 potentiali
2387 1877 2733 1943 verborum

519 1980 971 2067 deponentium
1015 2004 1168 2045 usus
1210 1982 1293 2045 sit
1334 1966 1694 2059 Terentius,
1737 2001 1880 2044 eum
1925 1981 1988 2042 in
2032 1979 2240 2043 activo
2263 2001 2518 2064 -genere
2560 1978 2730 2043 solas

521 2082 760 2146 formas
802 2081 1130 2147 sibilantes
1179 2081 1385 2167 (velut
1416 2082 1696 2165 faxim),
1777 2103 1901 2145 non
1951 2080 2189 2144 formas
2241 2081 2306 2143 in
2351 2081 2533 2145 -erim
2574 2079 2734 2145 desi-

521 2194 737 2247 nentes
772 2183 980 2268 (velut
1003 2184 1308 2267 fecerim)
1341 2185 1534 2269 prisci
1571 2185 1910 2269 scriptores
1948 2183 2042 2246 ita
2079 2183 2553 2268 usurpaverint.
2620 2182 2735 2246 Et-

520 2285 686 2365 enim
721 2307 867 2350 eum
903 2285 1313 2353 sibilantibus
1347 2287 1565 2351 formis
1603 2272 1932 2373 praeteriti
1963 2286 2133 2350 notio
2169 2284 2397 2366 desset,
2442 2305 2566 2349 non
2597 2295 2731 2349 tam

519 2387 602 2452 ad
648 2392 875 2453 harum
918 2411 1110 2476 quam
1155 2390 1236 2455 ad
1282 2389 1634 2476 pleniorum
1657 2391 1735 2455 'in
1772 2393 1954 2455 -e‘rim
1981 2389 2330 2464 formarum
2368 2387 2731 2474 analogiam

518 2491 998 2557 coniunctivum
1041 2492 1304 2577 perfecti
1348 2493 1587 2577 passivi
1629 2514 1745 2578 pro
1791 2491 2137 2577 praesentis
2180 2490 2309 2571 (vel
2351 2490 2580 2574 futuri)
2626 2513 2730 2576 po·

521 2594 769 2658 tentiali
810 2606 1190 2680 usurpatum
1236 2618 1368 2660 esse
1411 2595 1699 2662 nonnulli
1745 2594 2113 2657 existimant
2135 2591 2204 2673 3).

697 2870 734 2928 ι)
769 2870 892 2920 Cum
930 2873 1177 2933 particula
1213 2872 1305 2922 ubi
1340 2878 1539 2933 propter
1577 2873 1831 2931 obliquam
1869 2871 2145 2917 orationem
2179 2869 2529 2916 coniunctivus
2557 2881 2733 2916 conso·

520 2962 678 3007 oiatus
715 2966 820 3009 est:
860 2961 1023 3008 Plaut.
1049 2960 1163 3007 Aul.
1193 2961 1292 3007 229
1322 2963 1379 3007 in
1414 2963 1633 3007 mentem
1667 2961 1821 3015 venit,
1864 2960 1927 3005 Te
1955 2958 2130 3007 bovem
2166 2973 2266 3006 esse
2290 2962 2335 3005 et
2370 2972 2450 3006 me
2486 2958 2736 3005 asellum:

523 3048 613 3096 ubi
649 3053 809 3097 tecum
849 3052 1273 3097 coniunctus
1310 3052 1504 3104 siem,
1554 3049 1650 3097 Ubi
1684 3061 1816 3097 onus
1852 3062 2096 3109 nequeam
2128 3048 2263 3109 ferre
2293 3049 2508 3108 pariter,
2542 3049 2737 3094 iaceam

520 3151 607 3197 eyo
644 3139 825 3184 asinus
860 3138 918 3184 in
956 3138 1081 3185 luto.
1155 3136 1264 3185 Ter.
1303 3136 1499 3185 Phorm.
1543 3139 1643 3183 413
1695 3139 1821 3186 Itan
1860 3137 2065 3184 tandem
2101 3150 2283 3198 quaeso
2319 3139 2441 3185 item
2476 3140 2534 3184 ut
2580 3148 2738 3182 mere-

521 3227 697 3273 tricem
734 3225 827 3272 ubi
865 3225 1105 3274 abusus
1141 3228 1260 3282 sie,
1298 3225 1580 3273 Mercedem
1612 3223 1734 3272 dare
1772 3225 1849 3272 lex
1885 3223 2028 3271 iubet
2060 3225 2107 3269 ei
2144 3227 2294 3284 atque
2330 3224 2597 3270 amittere?

698 3324 741 3385 2)
776 3328 927 3375 Diese
965 3329 1160 3387 [Stella]
1197 3343 1317 3390 may
1354 3328 1447 3376 das
1495 3329 1703 3378 Verbild
1734 3330 1826 3392 fiir
1873 3331 2057 3391 Veryil.
2096 3330 2271 3389 Geory.
2310 3329 2457 3385 3,s141
2493 3342 2593 3377 uon
2621 3328 2738 3376 illas

523 3419 786 3477 quisquam
821 3417 953 3464 saltu
991 3431 1224 3479 superare
1251 3419 1385 3464 viam
1422 3418 1515 3465 sit
1549 3433 1583 3480 p
1605 3430 1763 3465 assu
1784 3434 1805 3466 s
1843 3417 2123 3478 abyeyeben
2148 3417 2327 3472 haben,
2366 3416 2612 3465 wc'ihrend
2634 3416 2739 3464 sich

522 3506 655 3554 wohl
688 3505 821 3553 nach
868 3506 1033 3566 Verqil
1067 3507 1314 3555 zum‘ichst
1360 3508 1478 3555 Vell.
1514 3507 1629 3554 Pat.
1665 3511 1700 3563 1,
1740 3510 1818 3564 18,
1842 3506 1874 3553 2
1915 3507 2121 3554 miratus
2159 3507 2256 3553 sim
2291 3505 2402 3554 und
2423 3508 2485 3553 in
2513 3507 2754 3567 epc‘iterer

523 3596 633 3642 Zeit
670 3594 892 3642 Macrob.
931 3595 1038 3643 Sat.
1076 3596 1114 3652 1,
1154 3594 1307 3652 24,14
1344 3603 1575 3656 precatus
1615 3595 1712 3642 sim
1749 3595 1992 3642 richteten
2029 3593 2271 3651 (Schmalz
2296 3593 2471 3641 Tabul.
2498 3594 2737 3651 lexicogr.

522 3683 622 3743 lp.
653 3682 790 3739 349).
843 3684 1151 3730 Alterum
1190 3681 1512 3730 Terentii
1550 3684 1769 3730 locum
1808 3681 1928 3742 (Ad.
1969 3683 2092 3738 443)
2130 3681 2441 3730 Sohmalz
2480 3681 2739 3731 omisit.

526 3793 591 3805 -
630 3770 822 3819 Passus
857 3773 954 3818 sim
991 3770 1243 3830 legebatur
1279 3772 1331 3816 in
1370 3772 1739 3831 antiquioribus
1777 3771 2095 3820 editionibus
2133 3774 2281 3818 etiam
2320 3769 2419 3821 cio.
2453 3772 2598 3819 Tusc.
2623 3771 2647 3817 Ι
2672 3771 2735 3815 ‘23

525 3863 564 3919 5.
607 3861 669 3906 55
707 3861 813 3907 πίει·
840 3859 973 3919 quid
1008 3859 1158 3907 habes
1194 3859 1264 3908 ad
1302 3861 1437 3908 haec.
1481 3858 1505 3922 ΙΙ
1551 3860 1657 3921 Eyo
1692 3875 1809 3909 vero
1842 3861 1997 3922 facile
2034 3863 2156 3908 eim
2205 3875 2454 3921 passus
2488 3860 2594 3917 (sic.
2632 3857 2738 3908 eod.

527 3948 582 4008 O)
618 3963 680 3995 ne
715 3951 773 3996 in
811 3951 1025 3995 mentem
1061 3947 1263 4008 quidem
1300 3949 1427 3996 mihi
1465 3948 1665 4010 aliquid
1702 3952 1879 3996 contra
1905 3950 2091 3997 venire.
2166 3948 2322 3996 Orelli
2368 3949 2593 3997 restituit
2626 3962 2739 3997 sum

521 4050 717 4098 passus.

700 4142 746 4204 3)
787 4142 924 4191 Cous.
961 4141 1213 4202 Madvigii
1250 4142 1550 4190 sententiam
1588 4142 1621 4188 l.
1658 4155 1697 4189 s.
1739 4153 1777 4186 s.
1815 4156 1861 4202 p.
1907 4143 2017 4192 107.
