3116 4790
1457 371 1533 435 ’Π

388 572 490 634 ein
532 568 978 654 Biedermann‚
1043 570 1306 637 welcher
1353 575 1498 636 stets
1550 558 1662 637 mit
1709 574 1844 639 sich
1887 575 2155 660 kdmpfl,
2222 574 2354 639 sich
2395 595 2452 639 w
2472 572 2603 638 ohl

387 670 565 734 mehr
608 676 980 756 erqo'tzen
1020 671 1325 755 wird1).

556 775 851 839 Fortasse
886 774 1292 840 scribendum
1328 786 1443 858 est,
1482 798 1631 842 cum
1665 777 1907 843 codices
1938 780 2020 843 sit
2052 779 2377 845 omittant:
2419 796 2600 862 quom

382 876 498 957 qui
540 876 824 942 cenassit
872 926 886 941 .
932 927 946 941 .
996 926 1010 940 .
1052 876 1527 947 delectetur.

533 978 591 1043 4.
623 976 917 1064 Denique
938 979 1344 1044 ‘attractione
1366 978 1715 1044 modornm’
1738 981 2174 1047 coniunctivus
2196 981 2452 1046 effectus
2476 988 2599 1044 est:

382 1079 535 1146 Ter.
573 1079 730 1146 Hec.
769 1081 852 1144 65
890 1101 1102 1146 moneo
1145 1085 1201 1145 et
1233 1081 1468 1163 hortor,
1508 1102 1587 1146 ne
1623 1082 2040 1166 quoiusquam
2073 1084 2388 1166 misereat,
2432 1082 2600 1161 Quin

555 1183 786 1266 spolies
827 1185 1075 1248 mutiles
1120 1185 1377 1266 laceres,
1420 1203 1720 1268 quemque
1759 1190 1998 1252 nacta
2039 1188 2173 1254 sis.

1087 1751 1394 1886 Caput
1440 1749 1881 1861 tertium.

436 1924 697 2018 Quibus
751 1922 1155 2004 rationibus
1211 1923 1496 2023 priscus
1550 1927 1845 2026 porrecti
1895 1928 2318 2009 coniunctivi
2368 1946 2546 2009 usus

936 2045 1352 2147 potentialis
1407 2047 1874 2148 explicandus
1927 2052 2043 2133 sit.

1413 2192 1467 2266 ἓ.
1516 2190 1572 2252 1.

517 2305 640 2360 Cur
675 2304 942 2374 perfecti
975 2304 1191 2360 modus
1228 2303 1591 2373 potentialis
1630 2318 1668 2358 a
1705 2307 2031 2362 structura
2070 2304 2480 2366 condicionali

1220 2392 1465 2449 initium
1501 2393 1759 2464 ceperit.

549 2496 868 2576 Quoniam
913 2518 1079 2583 quae
1124 2499 1384 2584 propria
1427 2510 1577 2565 sunt
1617 2502 1681 2564 in
1726 2501 1939 2588 prisca
1971 2501 2290 2566 latinitate
2325 2501 2594 2588 perfecti

379 2600 549 2664 modi
609 2600 976 2686 potentialis
1034 2600 1343 2686 exemplis
1405 2602 1697 2668 omnibus
1758 2605 2041 2668 excussis
2106 2613 2170 2667 et
2234 2601 2593 2688 explicatiS,

376 2711 690 2786 quantum
727 2702 791 2765 in
829 2701 1008 2766 nobis
1054 2701 1312 2788 quidem
1356 2703 1547 2768 situm
1592 2714 1753 2788 erat,
1794 2705 2295 2784 inlustravimus‚
2338 2704 2465 2766 iam
2510 2700 2594 2765 ad

378 2811 760 2885 postremam
806 2823 1074 2888 eamque
1114 2804 1479 2888 graviorem
1525 2804 1976 2890 disputationis
2011 2815 2257 2892 partem
2294 2802 2596 2868 acceden-

376 2904 531 2969 dum
576 2917 692 2986 est,
734 2927 863 2992 qua
907 2905 1164 2970 illarum
1209 2904 1404 2991 prisci
1445 2927 1599 2969 usus
1643 2908 2107 2992 proprietatum
2144 2915 2329 2992 aptas
2364 2925 2592 2969 causas

377 3017 441 3069 et
485 3006 762 3070 rationes
805 3006 1072 3071 reddere
1116 3005 1511 3074 conabimur.

467 3101 479 3111 ’
542 3108 824 3172 Primum
883 3108 1317 3194 quaerendum
1371 3119 1486 3192 est,
1547 3132 1665 3175 cur
1710 3110 1967 3176 tandem
2013 3109 2097 3174 ab
2139 3110 2294 3194 ipsis
2337 3109 2595 3176 condi·
2685 3175 2686 3178 ,

374 3211 812 3276 cionalibus
848 3213 1268 3277 enuntiatis
1298 3211 1625 3298 perfecti
1657 3212 1919 3277 modus
1955 3210 2402 3296 potentialis
2425 3211 2595 3297 prin-

374 3314 610 3399 cipium
653 3315 934 3380 duxerit.
994 3313 1165 3379 Casu
1210 3314 1373 3378 enim
1417 3313 1481 3377 id
1523 3313 1768 3378 factum
1814 3336 1947 3379 esse
1989 3314 2104 3379 vix
2147 3314 2323 3379 credi
2366 3324 2591 3400 potest.

373 3415 686 3502 Equidem
746 3418 881 3483 eius
939 3418 1032 3480 rei
1088 3416 1400 3480 rationem
1459 3416 1525 3478 in
1585 3416 1840 3480 interna
1897 3415 2273 3500 cognatione
2318 3413 2589 3498 positam

374 3542 507 3584 esse
551 3541 795 3602 censeo,
853 3542 1020 3605 quae
1062 3518 1402 3584 intercedit
1443 3519 1609 3583 inter
1654 3518 1939 3585 universi
1981 3519 2233 3604 generis
2277 3514 2593 3601 hypothe-

376 3623 480 3687 tici
534 3633 835 3687 naturam
889 3633 951 3687 et
992 3620 1355 3707 potentialis
1396 3618 1567 3684 modi
1609 3620 2085 3705 proprietatem.
2172 3617 2351 3696 Quin
2398 3617 2590 3680 etiam

373 3734 505 3787 tota
572 3724 765 3790 dictio
835 3721 1197 3809 potentialis
1268 3723 1576 3807 originem
1646 3723 1901 3788 videtur
1970 3720 2229 3786 duxisse
2292 3741 2333 3783 a
2393 3731 2595 3784 struc-

548 3999 592 4060 ι)
631 4002 825 4063 Accipit
865 4003 1021 4060 igitur
1059 4002 1303 4049 Lnebbert
1340 4001 1617 4049 delectatus
1652 4002 1722 4048 sit
1755 3990 1845 4062 pro
1885 3998 2031 4048 modo
2084 3999 2369 4059 potentiali,
2425 3998 2497 4043 ita
2536 4001 2591 4044 ut

373 4089 533 4146 prisco
573 4100 705 4135 more
749 4091 1102 4138 coniunctivus
1140 4105 1238 4137 non
1279 4097 1378 4137 tam
1419 4104 1480 4134 ex
1516 4103 1668 4150 quom
1709 4089 1953 4149 particula
1990 4088 2059 4133 sit
2094 4092 2255 4147 aptuS,
2318 4098 2464 4146 qnam
2499 4099 2590 4148 per

371 4189 424 4225 se
463 4181 670 4227 constet.
