3116 4790
1400 370 1476 436 31

337 575 617 639 litteram
660 594 698 639 r
738 572 924 639 fictus
943 573 1012 657 ¹),
1056 573 1291 661 quippe
1334 575 1444 661 qui
1485 596 1609 638 non
1644 573 1827 639 modo
1860 573 1943 637 ad
1971 573 2261 638 futurum
2299 583 2549 662 tempus

334 678 528 759 (sicut
570 677 740 742 modi
778 677 1086 760 ‘aoristi'),
1130 677 1239 741 sed
1283 677 1471 741 etiam
1518 677 1602 741 ad
1645 677 2061 764 praeteritum
2104 686 2438 763 spectaret.

505 779 609 845 Ad
654 779 946 864 exempla
1005 780 1440 845 enumeranda
1481 780 1858 865 priusquam
1905 779 2268 865 aggrediar,
2323 802 2552 845 memo-

339 882 613 948 randum
652 891 746 947 est
780 881 1126 969 permultos
1164 880 1334 947 locos
1373 883 1467 946 ita
1508 904 1646 947 esse
1689 891 2109 968 comparatos,
2150 892 2224 948 ut
2265 884 2381 949 vix
2424 884 2550 949 dis-

244 995 249 999 ’
341 1006 600 1053 cernere
634 985 855 1071 possis,
895 994 1114 1049 utrum
1158 984 1241 1049 ad
1280 985 1751 1051 coniunctivum
1787 985 2072 1070 perfecti,
2116 1006 2197 1049 an
2232 985 2314 1050 ad
2352 983 2555 1049 futuri

342 1086 556 1151 exacti
590 1086 1010 1152 indicativum
1047 1087 1173 1151 sint
1214 1086 1579 1170 referenda3
1616 1109 1765 1150 nam
1799 1109 1881 1152 ex
1913 1088 2056 1173 ipsa
2090 1088 2552 1153 sententiarum

341 1188 589 1253 ratione
643 1210 792 1254 raro
848 1191 1007 1254 certi
1063 1189 1303 1276 aliquid
1370 1189 1512 1254 elici
1576 1199 1810 1276 potest:
1881 1190 2044 1256 conf.
2110 1200 2323 1256 tamen
2384 1212 2551 1278 quae

339 1292 570 1356 statuit
610 1290 1025 1377 Langenl.
1070 1315 1115 1357 s.
1160 1314 1210 1357 s.
1256 1316 1316 1379 p.
1360 1292 1441 1356 47
1486 1314 1578 1378 sq.

507 1395 792 1460 Primum
852 1402 1068 1458 autem
1126 1394 1396 1459 enotabo
1454 1416 1531 1459 ea
1590 1392 1902 1479 exempla,
1962 1393 2195 1480 quibus
2248 1396 2557 1460 sententia

343 1497 659 1585 generalis
702 1498 807 1564 vel
847 1508 1258 1584 praeceptum
1301 1497 1474 1584 apud
1517 1518 1619 1563 om
1632 1521 1745 1565 nes
1786 1496 2008 1562 valens
2042 1498 2433 1565 continetur:
2492 1499 2558 1562 in

347 1600 653 1666 eiusmodi
685 1600 850 1665 enim
884 1600 1227 1665 enuntiatis
1260 1598 1528 1665 fortasse
1562 1601 1782 1686 logie
1801 1622 1923 1665 um
1954 1599 2306 1686 perfectum
2338 1621 2557 1686 agnos-

352 1723 486 1767 cere
525 1710 832 1789 praestat.

350 1803 550 1870 Plaut.
609 1803 757 1871 Aul.
814 1804 939 1870 380
972 1803 1149 1886 festo
1209 1801 1309 1868 die
1362 1802 1419 1868 si
1475 1803 1627 1886 quid
1668 1802 2189 1889 prodeyeriS,
2263 1801 2558 1887 Prqf'esto

511 1927 687 1992 eyere
735 1906 933 1990 liceat,
974 1908 1101 1970 nisi
1137 1905 1633 1990 peperceris,

343 2012 520 2080 Trin.
565 2011 687 2076 347
733 2008 908 2075 Bene
964 2008 1023 2074 si
1079 2008 1278 2075 amico
1325 2007 1683 2091 feceriS,
1753 2005 1852 2071 Ne
1908 2006 2122 2092 piqeat
2165 2004 2427 2089 jecisse,
2493 2010 2563 2070 ut

503 2112 719 2197 potius
751 2109 1014 2195 pudeat,
1054 2111 1113 2174 si
1151 2131 1276 2175 nou
1304 2109 1648 2193 feceris.

354 2215 740 2282 Trin.1050
786 2212 856 2279 Si
896 2213 1044 2296 quoi
1086 2217 1359 2277 mutuom
1401 2211 1553 2296 quid
1596 2211 1963 2292 dederiS,
2009 2208 2096 2291 fit
2127 2228 2255 2293 pro
2287 2208 2560 2292 proprio

502 2316 826 2404 perditum
844 2314 914 2400 ²).

350 2421 506 2487 Cato
547 2421 610 2487 d.
656 2419 854 2506 agric.
900 2422 982 2501 V,
1027 2420 1055 2482 1
1111 2416 1228 2483 Cui
1269 2422 1374 2499 (--
1416 2419 1470 2482 si
1509 2417 1644 2500 cui)
1684 2418 1944 2481 iussus
1986 2415 2155 2497 siet,
2198 2358 2515 2479 auscultet.

348 2523 511 2601 Cato,
547 2522 609 2589 d.
655 2522 850 2608 agric.
892 2521 976 2604 V,
1022 2519 1061 2585 3
1122 2518 1194 2586 Si
1250 2521 1393 2603 quie
1452 2518 1601 2602 quid
1657 2517 2141 2600 deliquerit,
2209 2536 2336 2601 pro
2391 2536 2562 2581 noxa

511 2627 661 2691 bono
702 2624 882 2690 modo
922 2624 1208 2689 vindicet.

347 2732 539 2796 Varr.
582 2752 632 2798 r.
679 2752 728 2794 r.
776 2728 953 2810 1‚44
1010 2729 1223 2811 itaque
1271 2722 1591 2805 siflorem
1634 2720 2179 2805 decerpseriS,
2243 2723 2311 2783 in
2355 2718 2560 2784 eodem

521 2829 651 2894 loeo
684 2828 846 2894 nihil
884 2828 1259 2894 renascitur.

354 2933 548 2998 Varr.
596 2931 679 2996 ib.
730 2931 893 3014 1‚66
943 2930 1132 2995 Oleas
1174 2930 1353 2995 albas
1397 2975 1411 2990 .
1457 2978 1471 2992 .
1515 2945 1714 2991 novas
1770 2926 1828 2989 si
1873 2944 2160 3009 promae,
2215 2922 2339 2986 uisi
2384 2941 2562 2985 eou-

516 3033 595 3097 di
620 3033 786 3099 eris
802 3086 819 3116 ,
856 3037 1122 3117 propter
1164 3029 1646 3098 amaritudinem
1687 3028 1930 3113 respuit
1961 3026 2269 3111 palatum.

515 3135 743 3200 Cetera
796 3133 1090 3221 exempla
1144 3131 1524 3197 distribuam
1578 3131 1643 3194 in
1686 3129 1847 3193 duas
1899 3139 2134 3215 partes.
2209 3127 2305 3190 Ac
2349 3126 2564 3212 priore

350 3238 487 3303 loco
530 3237 914 3303 enumerabo
960 3258 1069 3302 eas
1111 3237 1364 3318 formas,
1410 3233 1651 3321 quibus
1687 3232 2076 3318 respondent
2110 3231 2352 3294 formae
2394 3249 2427 3293 s
2466 3228 2567 3291 lit-

350 3350 489 3406 tera
529 3340 716 3408 fictae
734 3340 801 3421 ⁸).

530 3625 574 3687 ι)
614 3624 818 3672 Formae
857 3622 1083 3670 futuri
1115 3634 1202 3681 per
1238 3636 1261 3669 ε
1300 3620 1402 3668 litt.
1441 3619 1547 3665 ficti
1583 3628 1876 3678 quamquam
1907 3619 1956 3662 et
1983 3617 2125 3675 ipsae
2154 3614 2379 3671 (excepta
2402 3610 2565 3671 prima

350 3725 560 3774 persona
597 3715 742 3772 sing.)
779 3713 832 3759 iu
859 3710 979 3758 solis
1008 3707 1284 3756 enuntietis
1327 3704 1625 3754 condicione
1677 3704 2024 3764 qualicumque
2061 3700 2313 3748 adstrictis
2352 3710 2565 3758 usurpa-

350 3803 545 3861 bantur,
584 3805 749 3847 tamen
787 3798 1047 3858 angustius
1084 3797 1350 3858 patebant:
1392 3794 1583 3843 Luebb.
1623 3794 1661 3839 1.
1702 3806 1749 3853 p.
1789 3792 1853 3838 82
1892 3803 1996 3851 sqq.

529 3885 574 3942 2)
610 3886 841 3934 Fortasse
881 3886 978 3933 hnc
1015 3885 1238 3947 pertinet
1273 3883 1423 3935 etiam
1479 3880 1678 3928 Trucul.
1717 3895 1765 3928 v.
1808 3882 1902 3927 37:
1941 3878 2000 3925 Si
2038 3876 2290 3923 inierit
2324 3877 2424 3920 rete
2457 3875 2563 3929 pis-

350 3979 436 4030 cis.
473 3990 539 4024 ‘ne
574 3976 800 4038 cffuyiat,
837 3978 997 4023 cavet.
1068 3972 1150 4020 Sic
1187 3970 1473 4029 Buecheler,
1513 3968 1734 4016 Siniecit
1770 3967 1827 4014 B.

523 4063 567 4120 ⁸)
603 4061 713 4119 Quo
749 4063 922 4109 rettuli
961 4062 1113 4108 etlam
1142 4057 1428 4122 offenderis,
1467 4059 1553 4114 -it,
1581 4057 1701 4117 qula
1735 4058 1904 4102 exstat
1932 4054 2085 4099 forma
2111 4052 2318 4108 analoga
2342 4050 2567 4097 ineensit

352 4149 509 4220 (Fest.
555 4156 666 4210 207,
693 4151 792 4210 20).
