3116 4790
1566 341 1649 407 28

509 541 714 607 forma
765 568 930 631 quae
987 555 1080 610 est
1116 545 1338 629 fecero
1395 553 1488 609 est
1542 567 1624 608 ex
1688 546 1797 628 eis,
1857 566 2022 631 quae
2078 545 2291 611 studio
2347 548 2624 634 quodam
2680 569 2721 613 a

509 647 762 710 comicis
825 647 1332 732 usurpabantur:
1402 669 1452 711 e.
1513 669 1575 731 g.
1633 647 1781 713 Ter.
1838 646 2038 713 Andr.
2083 649 2225 714 397.
2282 648 2533 716 Phorm.
2576 650 2719 715 426.

509 747 636 812 430
656 750 724 832 ¹);
787 749 1126 814 coniuncta
1184 758 1277 813 est
1332 771 1477 814 cum
1521 749 1739 814 futuro
1783 749 1861 815 I.:
1931 749 2103 815 Eun.
2150 750 2270 815 723
2312 753 2621 834 (exsolves
2664 757 2720 817 et

491 851 859 932 feceris).

512 1005 527 1051 ‚3
582 970 670 1035 11.
716 971 903 1034 Poen.
935 969 1093 1053 IIII,
1123 970 1183 1050 2,
1213 970 1332 1033 106
1366 968 1546 1053 (928)
1580 988 1833 1034 remora
1847 968 1897 1052 2)
1935 970 1993 1033 si
2026 971 2127 1053 sit,
2167 970 2276 1054 qui
2318 972 2552 1037 malam
2588 991 2722 1035 rem

716 1072 874 1136 mihi
897 1071 1013 1153 det,
1041 1070 1402 1154 meritofee
1420 1072 1589 1136 erit.
1643 1071 2002 1136 Verisimile
2028 1083 2122 1136 est
2150 1094 2190 1136 a
2218 1073 2449 1138 Plauto
2483 1072 2720 1137 alienos

721 1196 853 1238 esse
909 1174 1042 1238 eius
1098 1194 1369 1238 scaenae
1424 1197 1531 1239 vv.
1594 1172 2034 1253 101—1078).
2118 1173 2242 1239 Sed
2302 1183 2450 1239 utut
2501 1197 2603 1239 res
2654 1197 2721 1238 se

720 1275 936 1358 habet,
1004 1299 1084 1340 ne
1125 1275 1246 1341 hoc
1283 1275 1537 1362 quidem
1592 1275 1950 1361 exemplum
1994 1276 2299 1342 abhorret
2338 1299 2378 1341 a
2418 1275 2717 1343 Plautino

716 1400 914 1443 more:
994 1379 1213 1443 merito
1237 1378 1473 1459 feeerit
1522 1376 1858 1463 significat,
1925 1378 2192 1464 qualis
2249 1378 2362 1445 illa
2417 1380 2725 1467 puniendi

634 1536 637 1539 .
722 1483 888 1546 actio
925 1500 1065 1545 cum
1096 1479 1384 1565 perfecta
1399 1478 1637 1563 fuerit,
1668 1462 2061 1564 ‘apparitura
2095 1485 2178 1546 sit
2204 1484 2451 1564 (Madv.
2481 1507 2543 1570 p.
2575 1484 2722 1564 84).

717 1582 1049 1648 Habemus
1091 1584 1290 1669 igitur
1332 1582 1390 1647 h.
1437 1582 1474 1646 l.
1521 1581 1880 1668 exemplum
1924 1583 2188 1649 effectus
2223 1585 2315 1649 rei
2355 1587 2425 1653 in
2464 1587 2608 1671 ipsa
2652 1608 2723 1651 re

718 1684 962 1754 inclusi.

680 1807 948 1871 Prorsus
994 1805 1076 1870 ad
1121 1803 1386 1868 eandem
1424 1803 1630 1869 futuri
1672 1780 1885 1902 exacti
1926 1804 2198 1889 speciem
2243 1806 2560 1889 pertinent
2593 1807 2721 1872 duo

515 1909 811 1992 proxima
855 1906 1175 1992 exempla:

552 2027 674 2091 ΙΙΙ.
718 2029 859 2096 Cas.
898 2026 986 2109 II,
1027 2028 1135 2108 7,1
1179 2048 1310 2112 sqq.
1355 2023 1427 2091 Si
1459 2045 1626 2090 nune
1660 2024 2039 2109 suspendam
2077 2045 2192 2107 nie,
2233 2042 2436 2093 meam
2464 2048 2723 2113 operam

715 2131 833 2195 lus
849 2149 928 2195 er
943 2128 1042 2193 ini
1125 2126 1209 2193 Et
1266 2132 1521 2212 praeter
1593 2148 1851 2211 operam
1916 2128 2131 2192 restim
2195 2149 2228 2192 s
2243 2148 2290 2194 u
2304 2151 2366 2192 ni
2369 2151 2420 2213 p
2435 2130 2498 2193 ti
2496 2130 2590 2212 fe
2603 2153 2634 2194 c
2652 2152 2684 2194 e
2698 2169 2722 2180 -

718 2233 866 2296 rim
912 2229 1198 2314 Meisque
1237 2230 1509 2296 inimi-eis
1550 2230 1930 2314 voluptatem
1974 2253 2005 2294 e
2019 2251 2057 2295 r
2075 2250 2105 2295 e
2119 2250 2161 2296 a
2173 2253 2212 2295 v
2231 2251 2263 2296 e
2275 2251 2312 2296 r
2325 2232 2351 2295 i
2365 2254 2443 2300 m.

523 2352 678 2416 1111.
724 2352 917 2417 Titin.
964 2353 1088 2417 120
1129 2348 1318 2415 Ribb.
1376 2349 1639 2414 Vidistin
1699 2346 2018 2415 Tiberim?
2062 2352 2093 2431 ΙΙ
2151 2348 2322 2414 Vidi:
2382 2353 2492 2434 qui
2545 2349 2720 2417 illam

719 2456 971 2537 derivet,
1012 2454 1373 2520 beaverit
1416 2453 1662 2538 Aqrum
1706 2451 2005 2519 Setinum.

535 2665 543 2673 ι
681 2575 807 2654 Qui
831 2577 988 2639 =si
1037 2575 1198 2659 quis,
1285 2572 1389 2637 Ad
1442 2572 1865 2637 indicativum
1924 2571 2181 2636 modum
2238 2572 2290 2635 si
2347 2572 2720 2637 sententiam

513 2679 880 2763 redigimus,
930 2677 1270 2742 habemus:
1308 2695 1311 2700 ’
1356 2674 1545 2739 Wenn
1591 2673 1861 2739 Jemand
1918 2674 1975 2741 d.
2026 2671 2096 2740 T.
2141 2674 2402 2757 ableitet,
2444 2695 2513 2739 so
2555 2674 2724 2741 wird

521 2800 588 2844 er
637 2779 831 2845 danzit
868 2780 972 2844 'die
1013 2777 1356 2845 Feldmark
1397 2776 1603 2844 Setiae
1646 2775 1915 2861 beqlu‘ekt
1954 2777 2169 2842 haben.

598 2901 676 2964 V.
724 2899 976 2979 Quibus
1034 2897 1337 2983 exemplis
1394 2896 1727 2962 addendus
1784 2906 1879 2961 est
1934 2896 2109 2961 locus
2167 2896 2723 2979 Pacuvianus,
2789 2889 2799 2904 ’

719 3002 902 3066 cuius
947 3010 1155 3064 tamen
1200 2998 1401 3065 verba
1445 3020 1570 3063 non
1613 3006 1761 3062 sunt
1803 3018 1988 3062 sana:

512 3120 749 3185 Pacuv.
786 3121 863 3183 12
891 3119 1082 3184 Ribb.
1113 3119 1206 3184 sol
1236 3120 1294 3183 si
1311 3122 1625 3203 perpetuo
1666 3121 1800 3199 siet,
1836 3116 2163 3184 Flumineo
2199 3138 2439 3203 vapore
2480 3121 2726 3183 torrens

678 3226 887 3287 terrae
924 3222 1136 3303 fetum
1193 3220 1633 3302 exusserit,
1678 3218 1861 3285 Nocti
1903 3222 1970 3284 ni
2018 3220 2417 3304 interveniat,
2460 3220 2725 3303 fruetus

669 3343 794 3407 per
826 3325 1133 3407 pruinam
1178 3322 1697 3407 obriyuerint.
2177 3350 2181 3354 ⁴

688 3442 792 3507 Sic
837 3444 1090 3527 scripsit
1130 3440 1425 3507 Ribbeck
1470 3443 1814 3508 verborum
1864 3439 2109 3506 ambitu
2155 3462 2239 3504 ex
2280 3439 2550 3504 diversis
2590 3437 2726 3502 fon-

519 3545 688 3610 tibus
748 3543 1156 3611 coniectando
1214 3553 1493 3608 consuto,
1580 3545 1728 3610 Vox
1791 3565 1958 3629 quae
2016 3552 2107 3607 est
2164 3543 2545 3627 obriyuerint
2602 3551 2727 3604 tra—

704 3792 743 3851 1)
780 3791 920 3841 Conf.
958 3791 1175 3850 Draeger
1212 3790 1235 3836 1
1272 3791 1388 3851 284,
1425 3789 1628 3838 Meifart
1664 3791 1698 3840 l.
1733 3802 1778 3839 8.
1816 3803 1855 3838 s.
1892 3805 1944 3852 p.
1982 3792 2011 3834 4
2052 3802 2127 3850 sq.

688 3878 731 3937 2)
766 3880 842 3927 De
893 3880 1034 3929 vocis
1092 3892 1218 3939 quae
1255 3884 1330 3927 est
1365 3892 1567 3927 remora
1599 3878 1807 3926 notione
1844 3894 1891 3927 v.
1927 3878 2128 3936 Langen
2163 3877 2197 3925 l.
2236 3889 2275 3927 S.
2314 3889 2353 3926 s.
2390 3891 2441 3939 p.
2489 3878 2580 3925 169
2620 3889 2727 3939 sqq.

691 3966 739 4030 3)
774 3968 1037 4028 Hasper
1063 4002 1075 4026 ,
1109 3967 1186 4015 De
1215 3966 1367 4015 Poen.
1391 3967 1463 4015 Pl.
1503 3966 1644 4029 dupl.
1681 3968 1825 4015 exitu
1859 3979 1907 4027 p.
1937 3966 2017 4027 28,
2061 3964 2291 4023 Goetz,
2331 3965 2456 4011 Acta
2479 3975 2577 4012 soc.
2604 3964 2726 4026 phil.

514 4058 657 4119 Lips.
695 4056 784 4118 vl,
817 4058 937 4107 253.
1010 4055 1317 4114 Poenulum
1337 4055 1557 4103 fabulam
1609 4058 1809 4104 omnino
1846 4058 2042 4115 praeter
2077 4058 2264 4102 ceteras
2302 4051 2518 4116 duplicis
2555 4063 2727 4103 recen·

516 4146 678 4195 sinnis
719 4146 936 4208 vestigia
971 4144 1209 4195 exhibere
1247 4146 1456 4193 constat.
