3116 4790
1621 357 1704 423 82

555 564 777 627 narii
820 563 1270 628 trochaici:
1334 561 1577 626 dixeris
1618 560 1855 625 Bacch.
1899 560 2044 642 699,
2090 561 2353 626 duxeris
2399 559 2576 624 Trin.
2621 559 2767 643 692,

558 666 956 750 conspexeris
998 666 1175 732 Asin.
1221 666 1363 730 878.
1409 664 1585 730 Trin.
1632 663 1776 745 950,
1809 665 2109 747 parseris
2150 666 2326 731 Pers.
2364 664 2507 745 572,
2552 662 2769 746 olfece-

554 769 652 833 ris
694 770 860 834 Men.
904 769 1045 850 163,
1088 768 1433 852 occeperim
1472 766 1609 834 Mil.
1659 767 1851 849 13633
1897 767 1953 833 3.
1998 770 2276 852 prioris
2318 763 2466 831 coli
2504 774 2771 850 septe-

555 870 753 933 narii
798 868 1135 934 iambici:
1192 869 1535 953 oeeeperint
1578 868 1756 932 Asin.
1798 868 1944 950 590,
1979 868 2362 952 perciderim
2406 866 2581 932 Pers,
2624 866 2767 932 283.

557 971 822 1036 Constat
876 973 1154 1057 priorem
1211 970 1468 1035 iambici
1528 971 1871 1057 septenarii
1915 980 2164 1056 partem
2216 993 2351 1036 esse
2392 967 2572 1033 colon
2612 969 2771 1034 satis

556 1097 670 1159 per
701 1096 767 1138 se
805 1084 1003 1155 stans,
1045 1095 1188 1139 cum
1225 1072 1441 1137 hiatus
1479 1082 1541 1137 et
1577 1072 1832 1157 syllaba
1871 1095 2103 1158 anceps
2142 1075 2206 1136 in
2242 1068 2514 1137 confinio
2553 1072 2773 1156 quarti

555 1185 618 1239 et
659 1177 866 1263 quinti
910 1175 1089 1261 pedis
1125 1176 1252 1245 sint
1286 1197 1604 1256 concessa,
1650 1184 1842 1260 atque
1879 1176 2072 1239 etiam
2114 1183 2385 1262 quartus
2429 1194 2539 1259 pes
2582 1170 2773 1235 simili

557 1298 963 1341 numerorum
995 1276 1140 1362 lege
1177 1284 1370 1362 atque
1404 1275 1598 1362 pedes
1641 1274 1865 1341 finales
1902 1277 1982 1340 sit
2018 1276 2386 1341 adstrictus.
2413 1312 2488 1321 —
2521 1273 2773 1357 Excep-

558 1380 745 1444 tionis
780 1380 987 1445 locum
1024 1401 1224 1444 unum
1257 1378 1502 1444 obtinet
1532 1378 1926 1464 exemplum:
1971 1379 2155 1465 Capt.
2190 1379 2314 1444 599
2355 1376 2524 1456 Quid
2552 1377 2653 1443 ais
2675 1376 2773 1460 1).2

561 1480 729 1560 Quid
770 1487 828 1546 si
869 1482 1030 1547 hunc
1072 1480 1505 1565 comprehendi
1542 1482 1860 1547 iusserim.
1889 1483 1920 1561 ΙΙ
1950 1479 2185 1564 Sapias
2228 1481 2449 1566 νεαρὰς.
2535 1479 2775 1543 Forma

558 1585 935 1650 abalienarit
951 1584 1003 1667 2)
1062 1586 1266 1668 (Asin.
1333 1584 1503 1665 764),
1570 1605 1736 1670 quae
1789 1605 2011 1647 versus
2056 1584 2307 1646 initium
2352 1582 2589 1669 explet,
2656 1605 2772 1668 pro

560 1688 932 1772 exceptione
986 1686 1286 1752 habenda
1343 1707 1468 1750 non
1522 1694 1641 1767 est,
1712 1707 1858 1750 cum
1918 1707 2044 1750 non
2104 1695 2294 1750 exeat
2332 1687 2396 1749 in
2440 1685 2775 1770 dactylum

558 1788 662 1853 vel
695 1790 1017 1855 creticum.
1088 1790 1255 1854 Sane
1284 1798 1558 1875 quaerat
1593 1790 1908 1875 quispiam
1944 1811 2060 1854 cur
2104 1789 2360 1853 tandem
2398 1788 2778 1854 abalienarit

562 1890 885 1975 scripserit
927 1900 1132 1977 poeta,
1181 1912 1327 1955 cum
1372 1912 1412 1954 a
1455 1891 1720 1955 metrica
1764 1890 2014 1954 ratione
2050 1890 2242 1954 etiam
2284 1889 2505 1955 liceret
2547 1890 2778 1956 abalie-

558 1995 777 2082 nassit.
864 1992 989 2057 Sed
1051 1992 1298 2056 aliam
1354 1992 1435 2057 ob
1498 2015 1762 2058 causam
1824 1992 1943 2057 hoc
2002 1993 2258 2078 quidem
2314 1991 2450 2057 loco
2499 1991 2779 2077 eligendi

560 2096 728 2180 optio
775 2116 899 2159 non
939 2095 1063 2158 fuit
1106 2095 1279 2158 data.
1368 2096 1533 2159 Nam
1580 2095 1812 2160 diserte
1855 2096 1922 2157 in
1968 2094 2093 2160 hac
2137 2094 2538 2159 condicione:
2580 2098 2648 2158 ni
2691 2097 2779 2159 in

559 2195 1016 2280 quadriduo
1077 2197 1458 2262 abalienavit
1516 2201 1629 2280 [sc.
1672 2197 1956 2261 inutilem
1992 2199 2336 2280 pictwram]
2394 2198 2778 2281 praestituta

555 2310 649 2363 est
693 2298 909 2379 dies,
954 2319 1083 2385 qua
1128 2298 1514 2366 abalienatio
1552 2310 1784 2365 exacta
1817 2300 1953 2365 fore
1990 2299 2209 2364 debet:
2249 2318 2433 2364 wemz
2476 2301 2567 2362 sie
2600 2299 2771 2363 nieht

560 2400 676 2465 das
727 2400 1024 2466 Gemc'ilde
1080 2403 1472 2468 innerhalb
1514 2404 1719 2468 einer
1762 2400 1978 2468 Frist
2026 2422 2151 2466 von
2192 2403 2330 2466 vier
2378 2398 2589 2487 Tayen
2628 2421 2771 2466 ver-

551 2506 801 2569 dassert
850 2504 1047 2571 haben
1102 2506 1295 2570 sollte.
1379 2506 1652 2570 Formae
1709 2527 1861 2570 vero
1910 2506 1975 2568 in
2020 2505 2163 2568 -sim
2207 2513 2513 2568 exeuntes
2558 2506 2772 2590 expri-

548 2615 730 2670 munt
786 2608 1207 2673 incertum
1267 2606 1589 2694 quoddam
1633 2607 1836 2671 futuri
1876 2607 2177 2692 temporis
2221 2615 2609 2672 momentum
2651 2628 2771 2671 nec

549 2730 631 2772 ex
658 2709 794 2774 ulla
828 2709 958 2774 alia
1000 2711 1251 2774 ratione
1295 2718 1536 2796 aptum.
1610 2709 1707 2774 Ac
1750 2731 1828 2772 ne
1867 2708 2247 2773 futurum
2291 2710 2545 2795 quidem
2589 2730 2702 2794 per
2734 2728 2768 2771 s

546 2808 769 2875 fictum
798 2814 1096 2897 (excepta
1118 2809 1170 2877 I.
1189 2811 1348 2897 sing.
1363 2814 1555 2897 pere.)
1582 2811 1646 2873 in
1675 2810 1983 2875 eiusmodi
2004 2811 2320 2875 sententia
2348 2811 2496 2896 poni
2524 2816 2765 2895 potest:

550 2933 697 2976 nam
727 2912 873 2978 licet
899 2913 966 2977 id
1002 2935 1137 2977 rem
1172 2914 1240 2979 in
1281 2912 1500 2978 futuro
1543 2912 1895 2999 perfectam
1941 2912 2283 2998 significet,
2327 2922 2542 2976 tamen
2584 2920 2767 2977 tem-

546 3037 685 3100 pus
722 3015 815 3079 rei
857 3014 1283 3102 perficiendae
1317 3037 1440 3080 non
1477 3024 1651 3079 certo
1695 3014 2141 3079 constituitur:
2185 3035 2386 3101 quare
2417 3016 2484 3076 in
2518 3014 2766 3097 legum

547 3116 943 3201 potissimum
987 3116 1463 3184 condicionibus
1508 3137 1621 3181 eae
1667 3116 1910 3181 formae
1950 3124 2350 3201 usurpantur
2370 3114 2438 3196 3).

720 3389 765 3451 ¹)
801 3393 879 3439 ais
915 3402 1014 3439 om.
1051 3390 1192 3453 libri,
1235 3392 1494 3454 supplevit
1530 3391 1589 3439 Ο.
1627 3390 1857 3452 Seyffert.

715 3494 763 3559 2)
797 3496 1060 3546 Praeterea
1109 3509 1228 3544 uno
1283 3498 1386 3545 allo
1439 3498 1550 3547 loco
1599 3498 1833 3559 Plautino
1887 3496 2136 3546 eiusmodi
2185 3499 2340 3546 {orma
2390 3508 2610 3561 syncopa
2645 3498 2760 3545 fleta

541 3590 730 3647 spectat
774 3585 835 3634 ad
890 3586 1114 3635 futurum
1160 3591 1378 3648 tempus:
1444 3587 1593 3635 Poen.
1633 3586 1742 3646 11,1
1787 3599 1859 3647 sq.
1934 3588 2009 3635 Di
2054 3589 2208 3635 illum
2256 3587 2522 3650 infelicent
2573 3598 2760 3640 omnes,

541 3676 630 3737 qui
659 3679 776 3733 post
809 3676 944 3724 hanc
980 3674 1114 3725 diem
1151 3675 1292 3724 Leno
1341 3677 1505 3724 ullam
1552 3677 1731 3723 Veneri
1766 3689 2013 3737 umquam
2062 3676 2461 3725 immolarit
2506 3675 2755 3731 hostiam,-

540 3763 631 3810 ubi
682 3764 840 3811 futuri
892 3766 1054 3814 exacti
1105 3763 1436 3814 indicativum
1482 3776 1738 3824 cognosco.
1835 3764 1983 3826 Apud
2040 3764 2330 3813 Terentium
2394 3764 2494 3810 iam
2557 3763 2756 3822 saepius

540 3865 624 3899 eae
664 3852 850 3899 formae
885 3852 1140 3900 breviatae
1177 3852 1426 3912 leguntur.

715 3956 761 4017 ⁸)
795 3959 1048 4008 Luebbert
1072 3960 1095 4006 I
1118 3973 1168 4021 p.
1207 3961 1303 4008 86:
1369 3959 1520 4009 Nicht
1545 3958 1627 4007 die
1655 3957 1962 4022 beyriffliche
1999 3959 2322 4019 Vollendany
2350 3957 2437 4006 der
2466 3956 2755 4016 Handlany

536 4051 605 4096 ist
640 4048 750 4096 also
801 4047 1134 4097 unbestimmt
1178 4050 1425 4111 yelassen,
1479 4047 1703 4096 condem
1751 4061 1883 4095 nur
1934 4047 2043 4095 die
2091 4048 2462 4107 zeitlz’che;
2518 4060 2623 4094 nur
2674 4045 2756 4093 die

535 4136 756 4186 zeitliche
801 4137 1117 4199 Vollenduny
1153 4139 1432 4200 unterlieyt
1467 4138 1575 4186 hier
1628 4136 1716 4187 der
1759 4137 2085 4198 Redinytheit
2122 4136 2207 4185 des
2242 4137 2398 4185 Scins.
2472 4136 2578 4184 Der
2618 4134 2757 4183 Geist
