3116 4790
1458 293 1571 375 49,

381 491 950 579 interpolatoribus
1010 504 1075 557 et.
1138 516 1177 556 a
1231 495 1652 559 diasceuastis
1698 504 1793 557 est
1835 505 2166 582 temptata.
2251 496 2464 582 Atque
2507 523 2610 562 vv.

384 594 723 660 480—483
767 596 894 658 iam
938 597 1224 682 Ussing
1266 596 1690 682 probantibus
1736 597 1942 662 Goetz
1986 608 2050 663 et
2092 599 2322 663 Loewe
2366 600 2614 665 delevit.

381 696 605 760 Finem
665 719 818 762 vero
878 720 1153 763 scaenae
1198 699 1348 764 inde
1391 720 1430 762 a
1473 709 1689 764 nostro
1735 723 1929 766 versu
1974 702 2365 784 (489-503)
2412 701 2617 767 Goetz

383 807 446 862 et
490 799 723 863 Loewe
752 800 829 880 ¹in
871 800 1297 885 suspicionem
1343 810 1677 866 vocarunt.
1757 800 2053 866 Primum
2098 811 2263 867 euim
2305 803 2468 868 illud
2513 825 2618 868 no-

383 899 661 981 tandum,
704 899 869 984 quod
902 922 961 966 v.
999 900 1142 966 488
1161 901 1326 983 finis
1355 903 1675 981 iudicatur
1716 905 1857 986 [aye
1891 905 2143 969 ambula
2175 925 2318 989 erqo
2332 923 2353 983 ,·
2396 928 2462 968 v.
2488 904 2616 977 490

385 1000 506 1066 hoc
548 1001 789 1066 iussum
834 1003 1138 1067 iteratur:
1184 1021 1445 1086 sequere
1477 1003 1596 1067 hac
1634 1006 1825 1087 er90],
1866 1025 1925 1070 v.
1968 1009 2174 1069 autem
2209 1006 2347 1085 503
2382 1005 2619 1069 deside·

384 1107 612 1168 ratur:
647 1106 909 1186 praeter
952 1106 1154 1167 cetera
1195 1107 1401 1167 autem
1443 1104 1556 1167 hoc
1596 1104 1828 1168 mirum
1873 1109 1978 1186 est,
2022 1105 2186 1189 quod
2211 1109 2361 1188 post
2391 1127 2450 1173 v.
2486 1106 2617 1169 471

389 1202 605 1266 —485
648 1202 798 1266 talis
843 1204 1094 1266 omnino
1139 1223 1341 1267 sermo
1386 1203 1669 1268 adiectus
1714 1210 1802 1269 est
1819 1225 1837 1267 .·
1902 1204 2067 1269 unde
2127 1205 2405 1290 suspicio
2464 1210 2622 1273 nata

391 1308 479 1367 est
517 1306 793 1388 iuteqros
851 1303 963 1366 hos
1020 1322 1247 1368 versus
1305 1305 1388 1370 ad
1442 1326 1582 1371 eam
1625 1327 1817 1390 quam
1859 1307 2157 1373 habemus
2200 1309 2620 1372 recensionem

378 1410 603 1489 postea
663 1405 989 1471 adiunctos
1053 1425 1206 1487 esse,
1274 1406 1410 1470 sive
1469 1427 1547 1470 ex
1581 1407 1808 1491 priore
1849 1409 2205 1473 recensione
2258 1413 2406 1473 suut
2446 1429 2621 1493 repe·

386 1506 555 1571 tendi
596 1507 731 1570 sive
780 1527 860 1570 ex
897 1507 1247 1588 posteriore
1288 1507 1514 1592 (praef.
1562 1530 1624 1592 p.
1669 1508 1937 1588 XXIII)
1962 1509 2025 1589 ¹).

558 1607 774 1686 Quam
817 1616 986 1672 recte
1032 1608 1296 1672 Goetz
1340 1619 1402 1672 et
1446 1608 1738 1673 Loewe
1781 1609 1859 1674 de
1910 1608 2034 1675 fine
2078 1631 2347 1674 scaenae
2389 1634 2449 1674 v.
2495 1608 2619 1671 488

394 1709 501 1806 vel
537 1710 751 1794 potius
790 1734 852 1775 v.
893 1709 1020 1774 490
1052 1709 1329 1774 indicato
1361 1711 1792 1777 iudicaverint
1830 1711 2103 1776 elucebit
2140 1734 2221 1775 ex
2256 1710 2376 1775 hoc
2415 1731 2621 1774 exem-

388 1811 641 1896 plorum
685 1819 1060 1895 conspectu:

503 1928 551 1996 I.
599 1928 712 1992 Eis
742 1929 918 2009 locis,
963 1929 1076 1994 ubi
1103 1928 1405 2015 loquendi
1439 1930 1733 1995 formulis
1762 1949 2019 2015 sequere
2050 1948 2166 2010 me,
2209 1945 2468 2010 sequere
2505 1926 2623 1993 hac

596 2029 780 2096 simil.
828 2028 993 2094 alter
1051 2029 1323 2094 alterum
1371 2030 1774 2112 exhortatur,
1841 2040 1913 2094 ut
1954 2050 2188 2095 scaena
2231 2050 2444 2093 secum
2491 2049 2622 2092 una

598 2131 912 2211 discedat,
981 2152 1108 2195 non
1162 2131 1436 2217 amplius
1492 2153 1810 2196 sermones
1856 2140 2179 2211 seruntur,
2250 2131 2362 2195 sed
2405 2131 2621 2194 statim

600 2230 787 2295 ambo
833 2231 1005 2294 foras
1052 2231 1493 2315 egrediuntur.

534 2353 588 2415 1.
634 2350 848 2435 Atque
886 2370 1367 2436 nonnumquam
1412 2350 1577 2415 alter
1620 2350 1872 2415 omnino
1917 2349 2074 2414 nihil
2119 2349 2495 2435 respondet:

385 2470 595 2534 Plaut.
637 2468 876 2534 Bacch.
925 2468 1045 2532 108
1092 2487 1351 2551 sequere
1394 2470 1513 2534 hac
1556 2488 1653 2532 me
1693 2469 1890 2553 igitur
1932 2488 2030 2534 me
2070 2469 2237 2534 iutro
2271 2468 2341 2532 in
2375 2469 2615 2548 lectum,

551 2574 621 2633 ut
661 2568 838 2633 sedes
885 2568 1338 2635 lassitudinem.

385 2672 630 2736 Bacch.
675 2672 796 2737 169
840 2689 1097 2754 sequere
1138 2670 1256 2735 hac
1297 2690 1397 2734 me
1439 2690 1513 2735 ac
1556 2674 1709 2735 tace.

391 2771 578 2858 Capt.
625 2773 754 2836 460
797 2791 1056 2855 sequere
1097 2775 1186 2852 tu,
1242 2776 1298 2836 te
1339 2777 1408 2835 ut
1450 2772 1734 2837 amittam
1751 2790 1771 2833 .·
1836 2773 1897 2834 'ei
1951 2772 2049 2834 rei
2095 2770 2386 2854 primum
2428 2789 2621 2853 prae-

554 2875 724 2938 vorti
764 2873 905 2938 volo
924 2873 994 2956 2).

390 2976 575 3042 Cure.
621 2977 748 3041 215
791 2994 1051 3060 sequere
1093 2994 1207 3037 me.

529 3096 587 3159 2.
631 3095 815 3160 Alter
849 3118 916 3159 se
959 3094 1129 3159 dicto
1175 3090 1541 3155 audientem
1587 3111 1723 3154 esse
1764 3088 1980 3156 verbis
2027 3089 2361 3174 exprimit:

386 3199 598 3282 Plaut.
634 3215 809 3280 Asin.
847 3217 961 3281 941
1003 3233 1262 3299 sequere
1291 3212 1409 3278 hac
1439 3230 1554 3292 me,
1589 3214 1676 3274 mi
1705 3208 1959 3275 anime!
1977 3210 2009 3291 ΙΙ
2038 3208 2173 3295 qu
2196 3229 2349 3275 vero
2371 3227 2618 3292 sequor.

567 3458 612 3522 ¹)
651 3463 818 3521 Atque
870 3462 1022 3509 etiam
1078 3459 1171 3506 hoc
1222 3457 1431 3505 moleste
1484 3456 1707 3515 ferimus,
1765 3453 1895 3514 quod
1946 3470 1997 3499 v.
2048 3456 2148 3501 499
2186 3452 2409 3500 Leonida
2459 3451 2621 3499 denno

389 3547 668 3598 debitorem
707 3549 928 3609 aliquem
964 3548 1205 3605 nominat,
1260 3547 1350 3608 qui
1386 3548 1647 3603 argentum
1686 3543 1789 3589 sibi
1826 3541 2217 3601 adnumerasset,
2255 3552 2365 3587 cum
2402 3541 2501 3586 iam
2539 3553 2622 3586 vv.

387 3638 662 3685 431—444
686 3637 1020 3698 complurium
1059 3635 1340 3683 debitorum
1370 3633 1661 3679 nominibus
1688 3632 1822 3681 fictis
1842 3644 1951 3679 sese
1979 3630 2053 3678 eri
2074 3630 2287 3677 rationes
2320 3628 2622 3688 negotiaque

389 3738 584 3788 semper
621 3739 885 3787 procurare
922 3724 1260 3786 exposuisset.
1338 3720 1482 3779 Quod
1515 3735 1572 3769 eo
1610 3720 1770 3779 magle
1809 3720 2027 3777 languet,
2084 3716 2218 3779 quod
2268 3720 2509 3764 mercator
2549 3727 2620 3761 ae

388 3811 466 3861 his
505 3812 708 3873 quidem
748 3813 891 3859 novis
928 3811 1206 3860 mendaciis
1243 3811 1564 3866 sollicitatur,
1603 3807 1690 3856 sed
1730 3809 1783 3853 in
1823 3806 2039 3853 consilio
2078 3816 2167 3851 suo
2207 3807 2502 3866 perseverat.

563 3898 606 3957 2)
648 3899 758 3948 Non
784 3901 1009 3963 pertinet
1033 3900 1130 3946 huc
1158 3899 1275 3946 Aul.
1315 3899 1413 3946 329
1456 3899 1589 3945 Eum
1618 3910 1757 3945 sume
1794 3900 1943 3957 atque
1982 3894 2070 3940 abi
2105 3896 2243 3946 intro
2280 3893 2387 3946 illo,
2424 3895 2472 3937 et
2507 3903 2621 3935 vos

389 3990 605 4038 illum
643 3990 1045 4049 sequimini.
1119 3985 1428 4046 Quamquam
1470 3999 1530 4033 ne
1569 3986 1650 4032 hic
1689 3980 1892 4045 quidem
1933 3982 1997 4039 ei,
2040 3980 2126 4039 qui
2166 3980 2308 4037 sequi
2334 3976 2462 4022 iussi
2488 3979 2621 4032 sunt,

392 4073 448 4120 in
484 4086 661 4121 scaena
698 4073 890 4122 diutius
922 4077 1191 4121 morantur.

482 4184 591 4228 Ora
616 4197 660 4225 m
677 4196 765 4234 er,
811 4186 873 4224 De
902 4186 1009 4234 perf.
1036 4185 1150 4226 coni.
1179 4194 1264 4224 usu
1294 4187 1460 4232 potent.
1486 4192 1558 4231 ap.
1586 4192 1648 4230 pr.
1678 4192 1762 4224 scr.
1791 4181 1884 4220 Lat.
2178 4160 2218 4216 4
