3116 4790
1614 342 1697 407 22

550 555 697 610 sunt
722 547 1043 632 propriae.
1105 546 1288 609 Haec
1323 545 1493 609 infra
1522 545 1886 610 accuratius
1921 542 2293 632 exponenda
2329 551 2390 608 et
2425 543 2768 629 probanda

552 658 760 713 erunt.

715 747 849 814 Ubi
891 755 1116 812 contra
1158 746 1334 831 apud
1376 745 1810 811 inferioris
1856 748 2083 812 aetatis
2126 747 2469 833 scriptores
2512 748 2578 810 in
2621 770 2769 814 con-

555 849 978 915 dicionalibus
1032 858 1247 912 rectae
1300 848 1604 913 orationis
1662 850 2008 915 enuntiatis
2066 848 2423 934 potentialis
2481 848 2768 914 historici

557 959 625 1034 (s.
673 951 920 1033 aoristi)
965 951 1226 1035 perfecti
1266 949 1341 1013 fit
1382 949 1661 1032 obviam,
1703 951 1794 1016 ibi
1830 951 2223 1038 plerumque,
2264 953 2319 1031 si
2361 952 2515 1038 quid
2556 951 2768 1034 viden,

554 1076 680 1120 non
723 1054 894 1118 idem
937 1051 1112 1118 valet
1154 1061 1352 1137 atque
1393 1052 1566 1138 apud
1610 1053 1852 1137 priscos
1887 1052 2181 1137 Latinos3
2224 1055 2436 1140 potius
2480 1064 2575 1119 est
2615 1060 2770 1135 (non

557 1156 738 1221 aliter
781 1165 974 1242 atque
1029 1163 1270 1218 extra
1327 1153 1732 1239 hypothesin)
1791 1175 1907 1239 pro
1961 1157 2423 1240 praesentis
2476 1156 2770 1221 coniunc-

560 1261 718 1343 tivo,
760 1259 938 1325 velut
972 1258 1112 1324 Liv.
1155 1258 1265 1339 26,
1302 1258 1407 1340 49,
1433 1257 1472 1321 3
1510 1258 1869 1342 scorpiones
1914 1310 1927 1324 .
1968 1309 1982 1324 .
2023 1309 2038 1324 .
2079 1257 2162 1323 ad
2194 1259 2520 1343 seoeaqinta
2556 1262 2771 1342 captos

557 1363 1075 1446 scripserim,
1118 1367 1177 1424 si
1218 1364 1534 1425 auctorem
1585 1358 1900 1425 Graecum
1942 1379 2173 1444 sequar
2220 1358 2502 1426 Silenum
2523 1360 2589 1444 ¹).

725 1463 866 1530 Hoc
899 1484 1096 1527 unum
1132 1462 1582 1548 excipiendum
1623 1463 1883 1528 videtur
1903 1461 1985 1545 2);
2028 1462 2297 1548 perfecti
2329 1463 2772 1529 coniunctivus

559 1565 767 1631 futuri
806 1565 894 1632 Π.
938 1566 1256 1629 notionem
1301 1564 1493 1629 etiam
1535 1565 1885 1650 posteriore
1932 1574 2144 1629 aetate
2185 1565 2397 1630 induit
2427 1564 2493 1626 in
2527 1573 2775 1630 senten-

559 1669 666 1733 tiis
707 1666 1060 1752 exempli
1101 1668 1317 1752 gratia
1361 1667 1746 1753 cogitatione
1788 1665 1952 1732 fictis
1997 1665 2098 1733 vel
2132 1667 2198 1730 in
2242 1667 2776 1732 consuetudi-

560 1771 686 1834 nis
745 1768 1018 1834 alicuius
1075 1769 1497 1855 descriptione
1555 1768 1659 1834 vel
1701 1769 1767 1832 in
1808 1768 2344 1854 generalibus
2383 1789 2774 1854 praecep·

562 1872 668 1935 tis
707 1870 1103 1957 experientia
1140 1893 1388 1956 usuque
1423 1869 1741 1955 probatis:
1786 1871 2037 1934 omnino
2073 1869 2207 1934 fere
2241 1869 2354 1934 ubi
2395 1869 2769 1934 incertum
2819 1926 2822 1929 .

562 1982 626 2037 et
667 1972 1060 2058 generale
1105 1984 1200 2037 est
1246 1972 1739 2054 subiectum,
1801 1972 1939 2038 sive
1981 1973 2046 2036 id
2092 1973 2471 2058 exprimitur
2526 1994 2640 2063 per
2683 1994 2774 2038 se-

567 2076 841 2146 cundam
885 2076 1049 2159 sing.
1092 2096 1448 2159 personam,
1490 2075 1627 2140 sive
1662 2075 2031 2161 pronomine
2066 2073 2395 2140 indefinito
2437 2077 2604 2159 quis,
2646 2075 2778 2159 qui,

562 2177 697 2242 sive
741 2175 912 2258 (licet
953 2197 1100 2240 raro
1145 2175 1210 2238 id
1254 2174 1392 2253 fiat)
1441 2175 1630 2239 tertia
1673 2174 1940 2260 pluralis
1975 2197 2251 2262 persona
2286 2177 2595 2242 incertam
2633 2199 2774 2263 per-

564 2300 864 2344 sonarum
946 2277 1415 2343 multitudinem
1495 2276 1953 2362 complectente
2018 2279 2155 2344 sive
2225 2278 2498 2364 denique
2559 2277 2773 2365 aliquo

565 2381 813 2445 nomine
849 2377 1258 2466 appellativa
1328 2379 1453 2445 Pro
1497 2378 2039 2445 condicionalibus
2080 2379 2417 2465 particulis
2457 2381 2776 2447 interdum

568 2491 892 2569 ponuntur
938 2499 1077 2545 cum
1122 2485 1229 2562 (ε
1251 2479 1526 2564 quando)
1573 2489 1634 2544 et
1673 2481 1865 2562 ubiss).

729 2585 1084 2669 Praecipue
1128 2591 1342 2647 autem
1391 2581 1499 2646 ille
1541 2605 1693 2648 usus
1740 2582 1823 2647 ad.
1865 2604 2003 2670 pro
2025 2586 2242 2648 tasin
2285 2586 2590 2671 pertinet:
2650 2583 2778 2651 Cic.

565 2708 624 2751 n.
685 2687 748 2752 d.
805 2686 844 2748 2
903 2688 958 2766 ξ.
1023 2687 1100 2749 17
1164 2705 1248 2751 an
1303 2705 1455 2751 vero
1513 2684 1573 2749 si
1629 2684 1876 2750 dOmWn
1932 2705 2225 2771 maynam
2265 2686 2616 2769 videri-3,
2657 2707 2781 2753 non

558 2790 776 2872 possis
819 2787 1070 2879 adduci,
1108 2793 1178 2853 ut
1219 2810 1270 2853 e.
1314 2810 1374 2874 q.
1417 2810 1464 2854 s.
1484 2787 1534 2869 4)
2041 2783 2046 2789 ’
2489 2791 2490 2796 ’

570 2889 700 2957 Cic.
745 2890 850 2954 off.
894 2888 1018 2971 111,
1059 2890 1143 2953 24
1185 2890 1322 2972 (92)
1379 2889 1438 2952 si
1491 2887 1634 2972 quis
1690 2887 2199 2953 medicamentum
2241 2888 2518 2973 cuipiam
2560 2889 2780 2955 dede-

730 2990 841 3055 rit
883 3044 898 3060 .
943 3043 956 3060 .
1004 3044 1018 3059 .
1063 3042 1078 3057 .
1123 2991 1182 3055 si
1229 3010 1296 3055 eo
1337 3011 1417 3057 m.
1465 3009 1663 3055 sanus
1689 2990 1986 3071 jactus
2029 2990 2169 3073 sit,
2214 2995 2269 3056 et
2308 2992 2496 3058 annis
2540 2992 2784 3077 aliquot

740 3230 789 3296 ¹)
825 3235 936 3284 Non
955 3236 1152 3285 obstant
1176 3238 1223 3285 01
1246 3237 1362 3297 loci,
1399 3237 1486 3284 ubi
1508 3234 1569 3284 de
1593 3240 1775 3283 eventu
1808 3234 2069 3295 fructuque
2104 3235 2127 3281 f
2140 3247 2173 3280 u
2190 3239 2211 3282 t
2226 3248 2258 3282 u
2276 3248 2299 3281 ι·
2313 3248 2341 3282 o
2368 3236 2439 3283 roi
2464 3235 2569 3283 iam
2592 3249 2619 3282 a
2634 3250 2660 3283 c
2675 3241 2697 3286 t
2712 3250 2739 3283 a
2756 3251 2782 3284 e

567 3325 752 3385 aliquis
803 3325 1044 3388 loquitur,
1096 3324 1502 3386 quandoquidem
1568 3325 1639 3387 ip
1658 3338 1723 3371 sa
1783 3338 1812 3368 v
1828 3336 1854 3369 e
1869 3321 1971 3368 rbi
2028 3335 2055 3368 a
2072 3328 2130 3369 ct
2149 3322 2168 3367 i
2184 3334 2212 3367 o
2268 3327 2344 3370 est
2395 3336 2426 3383 p
2445 3336 2468 3370 r
2484 3328 2586 3371 aet
2601 3338 2627 3370 e
2642 3325 2785 3372 rita

568 3414 682 3468 (non
719 3412 928 3472 futura),
977 3413 1114 3460 velut
1150 3412 1259 3462 Liv.
1299 3416 1346 3474 6,
1388 3417 1536 3473 14‚4:
1594 3416 1705 3460 tum
1741 3423 1861 3458 vero
1899 3423 1986 3469 eqo
2022 3410 2333 3471 nequiquam
2368 3442 2380 3457 .
2420 3444 2429 3455 .
2467 3412 2784 3472 Capitolium

568 3515 590 3547 s
612 3501 1016 3557 ervaverim,
1055 3501 1102 3546 si
1141 3501 1300 3548 civem
1338 3536 1349 3548 .
1391 3534 1402 3547 .
1442 3534 1453 3547 .
1494 3502 1556 3547 in
1593 3500 1889 3547 servitutem
1928 3512 1989 3545 ac
2010 3499 2223 3546 vincula
2256 3497 2379 3546 duci
2398 3498 2605 3547 videam
2641 3499 2786 3559 (licet

568 3590 720 3649 igitur
758 3587 819 3636 de
855 3602 1094 3651 prospero
1132 3589 1254 3637 facti
1293 3594 1470 3636 eventu
1509 3588 1728 3636 nondum
1768 3592 1975 3648 constet,
2023 3589 2133 3647 ipsa
2171 3593 2334 3635 tamen
2372 3579 2616 3636 servandi
2652 3588 2784 3637 actio

569 3679 668 3725 iam
703 3682 779 3725 est
813 3678 1121 3739 praeterita).

746 3761 799 3824 2)
838 3764 963 3811 Dico
1000 3764 1085 3813 hic
1125 3763 1184 3810 de
1218 3763 1523 3811 classica
1573 3776 1699 3823 quae
1738 3770 1940 3812 vocatur
1976 3764 2254 3824 latinitat03
2306 3763 2364 3813 de
2397 3769 2656 3825 poetarum
2693 3778 2785 3813 usu

572 3868 617 3901 v.
655 3852 801 3900 infra.

743 3938 789 4001 3)
827 3937 966 3987 Gonf.
1007 3939 1236 3999 Meiring,
1288 3940 1396 3989 Lat.
1440 3937 1685 3986 Gramm.⁶
1722 3941 1762 3997 ἓ.
1801 3940 1903 3987 644
1938 3939 2105 3987 adnot.
2155 3943 2195 3987 ι.

745 4027 788 4084 4)
827 4028 886 4076 V.
921 4026 1167 4086 Draeg012
1203 4028 1249 4074 11
1288 4041 1335 4088 p.
1375 4031 1471 4076 717
1528 4026 1597 4086 (ἓ.
1640 4029 1757 4084 547)
1810 4040 1936 4091 sqq.,
1987 4027 2074 4088 qui
2123 4031 2286 4075 tamen
2342 4042 2399 4075 ea
2449 4029 2674 4088 exempla
2721 4025 2785 4074 ad

573 4117 846 4177 perfe‹·tum
888 4117 1102 4177 logie-um
1141 4117 1320 4165 refert:
1360 4116 1521 4177 quode
1562 4118 1694 4165 conf.
1734 4117 1867 4163 iufra
1901 4130 1953 4178 p.
1997 4120 2079 4165 31.
