<?xml version="1.0" encoding="UTF-8"?>
<!DOCTYPE html PUBLIC "-//W3C//DTD XHTML 1.0 Transitional//EN"
    "http://www.w3.org/TR/xhtml1/DTD/xhtml1-transitional.dtd">
<html xmlns="http://www.w3.org/1999/xhtml" xml:lang="en" lang="en">
 <head>
  <title>
</title>
<meta http-equiv="Content-Type" content="text/html;charset=utf-8" />
  <meta name='ocr-system' content='tesseract 3.04.00' />
  <meta name='ocr-capabilities' content='ocr_page ocr_carea ocr_par ocr_line ocrx_word'/>
</head>
<body>
  <div class='ocr_page' id='page_1' title='image "./deperfecticonju00cramgoog_0055.png"; bbox 0 0 3116 4790; ppageno 0'>
   <div class='ocr_carea' id='block_1_1' title="bbox 1463 353 1547 419">
    <p class='ocr_par' dir='ltr' id='par_1_1' title="bbox 1463 353 1547 419">
     <span class='ocr_line' id='line_1_1' title="bbox 1463 353 1547 419; baseline 0 0"><span class='ocrx_word' id='word_1_1' title='bbox 1463 353 1547 419; x_wconf 84' lang='lat'><strong>47</strong></span> 
     </span>
    </p>
   </div>
   <div class='ocr_carea' id='block_1_2' title="bbox 1300 443 1706 454">
    <p class='ocr_par' dir='ltr' id='par_1_2' title="bbox 1300 443 1706 454">
     <span class='ocr_line' id='line_1_2' title="bbox 1300 443 1706 454; baseline 0 0"><span class='ocrx_word' id='word_1_2' title='bbox 1300 443 1706 454; x_wconf 95' lang='lat' dir='ltr'><strong> </strong></span> 
     </span>
    </p>
   </div>
   <div class='ocr_carea' id='block_1_3' title="bbox 379 555 2614 2686">
    <p class='ocr_par' dir='ltr' id='par_1_3' title="bbox 386 555 2614 848">
     <span class='ocr_line' id='line_1_3' title="bbox 386 555 2607 646; baseline 0 -23"><span class='ocrx_word' id='word_1_3' title='bbox 386 579 531 623; x_wconf 90' lang='lat' dir='ltr'><strong>rum</strong></span> <span class='ocrx_word' id='word_1_4' title='bbox 562 557 906 644; x_wconf 77' lang='lat' dir='ltr'>scriptores</span> <span class='ocrx_word' id='word_1_5' title='bbox 934 579 1411 646; x_wconf 76' lang='lat' dir='ltr'><strong>nonnumquam</strong></span> <span class='ocrx_word' id='word_1_6' title='bbox 1446 558 1729 642; x_wconf 86' lang='lat' dir='ltr'><strong>genuina</strong></span> <span class='ocrx_word' id='word_1_7' title='bbox 1758 556 1961 622; x_wconf 83' lang='lat' dir='ltr'><strong>verba</strong></span> <span class='ocrx_word' id='word_1_8' title='bbox 1992 555 2297 622; x_wconf 88' lang='lat' dir='ltr'><strong>Plautina</strong></span> <span class='ocrx_word' id='word_1_9' title='bbox 2331 556 2607 623; x_wconf 89' lang='lat' dir='ltr'><strong>imitatos</strong></span> 
     </span>
     <span class='ocr_line' id='line_1_4' title="bbox 387 658 2611 741; baseline -0 -18"><span class='ocrx_word' id='word_1_10' title='bbox 387 679 522 724; x_wconf 88' lang='lat' dir='ltr'><strong>esse</strong></span> <span class='ocrx_word' id='word_1_11' title='bbox 566 668 630 724; x_wconf 91' lang='lat' dir='ltr'><strong>et</strong></span> <span class='ocrx_word' id='word_1_12' title='bbox 669 659 732 722; x_wconf 93' lang='lat' dir='ltr'><strong>in</strong></span> <span class='ocrx_word' id='word_1_13' title='bbox 777 681 964 724; x_wconf 91' lang='lat' dir='ltr'><strong>suum</strong></span> <span class='ocrx_word' id='word_1_14' title='bbox 1009 682 1195 724; x_wconf 92' lang='lat' dir='ltr'><strong>usum</strong></span> <span class='ocrx_word' id='word_1_15' title='bbox 1237 660 1631 726; x_wconf 81' lang='lat' dir='ltr'><strong>convertisse</strong></span> <span class='ocrx_word' id='word_1_16' title='bbox 1672 667 1917 724; x_wconf 90' lang='lat' dir='ltr'><strong>constet</strong></span> <span class='ocrx_word' id='word_1_17' title='bbox 1939 658 2008 741; x_wconf 82' lang='lat'><strong>¹),</strong></span> <span class='ocrx_word' id='word_1_18' title='bbox 2071 669 2358 724; x_wconf 91' lang='lat' dir='ltr'><strong>nostrum</strong></span> <span class='ocrx_word' id='word_1_19' title='bbox 2398 660 2611 725; x_wconf 92' lang='lat' dir='ltr'><strong>locum</strong></span> 
     </span>
     <span class='ocr_line' id='line_1_5' title="bbox 389 759 2614 848; baseline 0.001 -22"><span class='ocrx_word' id='word_1_20' title='bbox 389 759 672 826; x_wconf 86' lang='lat' dir='ltr'><strong>effictum</strong></span> <span class='ocrx_word' id='word_1_21' title='bbox 748 783 882 828; x_wconf 89' lang='lat' dir='ltr'><strong>esse</strong></span> <span class='ocrx_word' id='word_1_22' title='bbox 961 773 1117 848; x_wconf 89' lang='lat' dir='ltr'><strong>puto</strong></span> <span class='ocrx_word' id='word_1_23' title='bbox 1196 762 1279 826; x_wconf 86' lang='lat' dir='ltr'><strong>ad</strong></span> <span class='ocrx_word' id='word_1_24' title='bbox 1357 760 1716 848; x_wconf 85' lang='lat' dir='ltr'><strong>exemplum</strong></span> <span class='ocrx_word' id='word_1_25' title='bbox 1788 761 1971 848; x_wconf 89' lang='lat' dir='ltr'><strong>Capt.</strong></span> <span class='ocrx_word' id='word_1_26' title='bbox 2046 786 2110 828; x_wconf 83' lang='lat' dir='ltr'><strong>v.</strong></span> <span class='ocrx_word' id='word_1_27' title='bbox 2180 762 2302 828; x_wconf 82' lang='lat'><strong>306</strong></span> <span class='ocrx_word' id='word_1_28' title='bbox 2377 762 2489 827; x_wconf 81' lang='lat' dir='ltr'><strong>hoe</strong></span> <span class='ocrx_word' id='word_1_29' title='bbox 2556 766 2614 828; x_wconf 73' lang='lat' dir='ltr'><strong>te</strong></span> 
     </span>
    </p>

    <p class='ocr_par' dir='ltr' id='par_1_4' title="bbox 379 862 2610 2686">
     <span class='ocr_line' id='line_1_6' title="bbox 442 862 2605 949; baseline 0.001 -22"><span class='ocrx_word' id='word_1_30' title='bbox 442 911 456 927; x_wconf 91' lang='lat'><strong>.</strong></span> <span class='ocrx_word' id='word_1_31' title='bbox 497 916 512 931; x_wconf 91' lang='lat'><strong>.</strong></span> <span class='ocrx_word' id='word_1_32' title='bbox 550 862 849 927; x_wconf 77' lang='lat' dir='ltr'><strong>monitum</strong></span> <span class='ocrx_word' id='word_1_33' title='bbox 889 864 1251 928; x_wconf 80' lang='lat' dir='ltr'><strong>volueram:</strong></span> <span class='ocrx_word' id='word_1_34' title='bbox 1308 885 1438 949; x_wconf 90' lang='lat' dir='ltr'><strong>qua</strong></span> <span class='ocrx_word' id='word_1_35' title='bbox 1480 864 1561 929; x_wconf 90' lang='lat' dir='ltr'><strong>de</strong></span> <span class='ocrx_word' id='word_1_36' title='bbox 1606 887 1675 930; x_wconf 92' lang='lat' dir='ltr'><strong>re</strong></span> <span class='ocrx_word' id='word_1_37' title='bbox 1716 865 1886 929; x_wconf 89' lang='lat' dir='ltr'><strong>infra</strong></span> <span class='ocrx_word' id='word_1_38' title='bbox 1930 866 2296 931; x_wconf 78' lang='lat' dir='ltr'><strong>accuratius</strong></span> <span class='ocrx_word' id='word_1_39' title='bbox 2341 866 2605 932; x_wconf 90' lang='lat' dir='ltr'><strong>dicetur.</strong></span> 
     </span>
     <span class='ocr_line' id='line_1_7' title="bbox 386 964 2610 1054; baseline 0.002 -26"><span class='ocrx_word' id='word_1_40' title='bbox 386 964 636 1039; x_wconf 82' lang='lat' dir='ltr'><strong>Deinde</strong></span> <span class='ocrx_word' id='word_1_41' title='bbox 711 967 903 1031; x_wconf 91' lang='lat' dir='ltr'><strong>etiam</strong></span> <span class='ocrx_word' id='word_1_42' title='bbox 987 966 1423 1053; x_wconf 82' lang='lat' dir='ltr'><strong>proximorum</strong></span> <span class='ocrx_word' id='word_1_43' title='bbox 1504 988 1826 1049; x_wconf 87' lang='lat' dir='ltr'><strong>versuum,</strong></span> <span class='ocrx_word' id='word_1_44' title='bbox 1931 966 2165 1054; x_wconf 89' lang='lat' dir='ltr'><strong>quibus</strong></span> <span class='ocrx_word' id='word_1_45' title='bbox 2246 988 2414 1054; x_wconf 88' lang='lat' dir='ltr'><strong>quae</strong></span> <span class='ocrx_word' id='word_1_46' title='bbox 2485 988 2610 1032; x_wconf 87' lang='lat' dir='ltr'><strong>mo-</strong></span> 
     </span>
     <span class='ocr_line' id='line_1_8' title="bbox 384 1068 2610 1154; baseline -0.001 -20"><span class='ocrx_word' id='word_1_47' title='bbox 384 1068 591 1134; x_wconf 80' lang='lat' dir='ltr'><strong>nenda</strong></span> <span class='ocrx_word' id='word_1_48' title='bbox 633 1076 878 1133; x_wconf 81' lang='lat' dir='ltr'><strong>restant</strong></span> <span class='ocrx_word' id='word_1_49' title='bbox 916 1069 1339 1151; x_wconf 87' lang='lat' dir='ltr'><strong>continentur,</strong></span> <span class='ocrx_word' id='word_1_50' title='bbox 1383 1078 1583 1133; x_wconf 90' lang='lat' dir='ltr'><strong>totum</strong></span> <span class='ocrx_word' id='word_1_51' title='bbox 1628 1078 2078 1154; x_wconf 85' lang='lat' dir='ltr'><strong>argumentum</strong></span> <span class='ocrx_word' id='word_1_52' title='bbox 2108 1068 2413 1133; x_wconf 89' lang='lat' dir='ltr'><strong>abhorret</strong></span> <span class='ocrx_word' id='word_1_53' title='bbox 2458 1079 2520 1134; x_wconf 92' lang='lat' dir='ltr'><strong>et</strong></span> <span class='ocrx_word' id='word_1_54' title='bbox 2568 1091 2610 1132; x_wconf 89' lang='lat' dir='ltr'><strong>a</strong></span> 
     </span>
     <span class='ocr_line' id='line_1_9' title="bbox 387 1169 2611 1260; baseline 0.002 -26"><span class='ocrx_word' id='word_1_55' title='bbox 387 1169 605 1234; x_wconf 91' lang='lat' dir='ltr'><strong>Plauti</strong></span> <span class='ocrx_word' id='word_1_56' title='bbox 660 1170 915 1254; x_wconf 90' lang='lat' dir='ltr'><strong>ingenio</strong></span> <span class='ocrx_word' id='word_1_57' title='bbox 977 1180 1039 1236; x_wconf 94' lang='lat' dir='ltr'><strong>et</strong></span> <span class='ocrx_word' id='word_1_58' title='bbox 1096 1170 1179 1235; x_wconf 94' lang='lat' dir='ltr'><strong>ab</strong></span> <span class='ocrx_word' id='word_1_59' title='bbox 1239 1192 1480 1254; x_wconf 88' lang='lat' dir='ltr'><strong>eorum,</strong></span> <span class='ocrx_word' id='word_1_60' title='bbox 1544 1173 1656 1259; x_wconf 90' lang='lat' dir='ltr'><strong>qui</strong></span> <span class='ocrx_word' id='word_1_61' title='bbox 1699 1181 1836 1235; x_wconf 89' lang='lat' dir='ltr'><strong>tum</strong></span> <span class='ocrx_word' id='word_1_62' title='bbox 1880 1171 2203 1237; x_wconf 86' lang='lat' dir='ltr'><strong>theatrum</strong></span> <span class='ocrx_word' id='word_1_63' title='bbox 2245 1173 2611 1260; x_wconf 87' lang='lat' dir='ltr'><strong>frequenta-</strong></span> 
     </span>
     <span class='ocr_line' id='line_1_10' title="bbox 387 1270 2610 1360; baseline 0.002 -25"><span class='ocrx_word' id='word_1_64' title='bbox 387 1270 566 1353; x_wconf 87' lang='lat' dir='ltr'><strong>bant,</strong></span> <span class='ocrx_word' id='word_1_65' title='bbox 606 1272 888 1356; x_wconf 90' lang='lat' dir='ltr'><strong>ingenua</strong></span> <span class='ocrx_word' id='word_1_66' title='bbox 928 1271 1214 1339; x_wconf 87' lang='lat' dir='ltr'><strong>lascivia.</strong></span> <span class='ocrx_word' id='word_1_67' title='bbox 1296 1272 1463 1337; x_wconf 87' lang='lat' dir='ltr'><strong>Nam</strong></span> <span class='ocrx_word' id='word_1_68' title='bbox 1505 1273 1853 1358; x_wconf 76' lang='lat' dir='ltr'><strong>spurcidici</strong></span> <span class='ocrx_word' id='word_1_69' title='bbox 1893 1293 2119 1340; x_wconf 77' lang='lat' dir='ltr'><strong>versus</strong></span> <span class='ocrx_word' id='word_1_70' title='bbox 2160 1276 2250 1357; x_wconf 83' lang='lat' dir='ltr'><strong>(v.</strong></span> <span class='ocrx_word' id='word_1_71' title='bbox 2294 1277 2427 1359; x_wconf 86' lang='grc'>56),</span> <span class='ocrx_word' id='word_1_72' title='bbox 2460 1296 2610 1360; x_wconf 78' lang='lat' dir='ltr'><strong>per-</strong></span> 
     </span>
     <span class='ocr_line' id='line_1_11' title="bbox 384 1373 2606 1464; baseline 0.001 -26"><span class='ocrx_word' id='word_1_73' title='bbox 384 1373 751 1456; x_wconf 68' lang='lat' dir='ltr'><strong>iurnalem,</strong></span> <span class='ocrx_word' id='word_1_74' title='bbox 793 1374 1097 1440; x_wconf 78' lang='lat' dir='ltr'><strong>meretrix</strong></span> <span class='ocrx_word' id='word_1_75' title='bbox 1123 1375 1300 1440; x_wconf 77' lang='lat' dir='ltr'><strong>mala</strong></span> <span class='ocrx_word' id='word_1_76' title='bbox 1325 1380 1413 1457; x_wconf 83' lang='lat' dir='ltr'><strong>(v.</strong></span> <span class='ocrx_word' id='word_1_77' title='bbox 1441 1375 1571 1457; x_wconf 80' lang='grc'>57),</span> <span class='ocrx_word' id='word_1_78' title='bbox 1610 1376 1791 1441; x_wconf 81' lang='lat' dir='ltr'><strong>miles</strong></span> <span class='ocrx_word' id='word_1_79' title='bbox 1819 1376 2139 1460; x_wconf 77' lang='lat' dir='ltr'><strong>yloriosns</strong></span> <span class='ocrx_word' id='word_1_80' title='bbox 2165 1382 2251 1458; x_wconf 87' lang='lat' dir='ltr'><strong>(v.</strong></span> <span class='ocrx_word' id='word_1_81' title='bbox 2282 1377 2390 1457; x_wconf 87' lang='grc'><strong>58)</strong></span> <span class='ocrx_word' id='word_1_82' title='bbox 2414 1399 2606 1464; x_wconf 89' lang='lat' dir='ltr'><strong>quam</strong></span> 
     </span>
     <span class='ocr_line' id='line_1_12' title="bbox 386 1475 2608 1543; baseline 0.002 -4"><span class='ocrx_word' id='word_1_83' title='bbox 386 1477 663 1540; x_wconf 82' lang='lat' dir='ltr'><strong>maxime</strong></span> <span class='ocrx_word' id='word_1_84' title='bbox 692 1477 755 1540; x_wconf 92' lang='lat' dir='ltr'><strong>in</strong></span> <span class='ocrx_word' id='word_1_85' title='bbox 788 1475 1030 1541; x_wconf 91' lang='lat' dir='ltr'><strong>deliciis</strong></span> <span class='ocrx_word' id='word_1_86' title='bbox 1059 1487 1244 1542; x_wconf 85' lang='lat' dir='ltr'><strong>erant</strong></span> <span class='ocrx_word' id='word_1_87' title='bbox 1277 1478 1505 1543; x_wconf 83' lang='lat' dir='ltr'><strong>Musae</strong></span> <span class='ocrx_word' id='word_1_88' title='bbox 1539 1478 1822 1543; x_wconf 82' lang='lat' dir='ltr'><strong>comicae</strong></span> <span class='ocrx_word' id='word_1_89' title='bbox 1841 1477 2213 1541; x_wconf 83' lang='lat' dir='ltr'><strong>Plautinae:</strong></span> <span class='ocrx_word' id='word_1_90' title='bbox 2251 1499 2332 1540; x_wconf 88' lang='lat' dir='ltr'><strong>an</strong></span> <span class='ocrx_word' id='word_1_91' title='bbox 2369 1499 2494 1541; x_wconf 93' lang='lat' dir='ltr'><strong>non</strong></span> <span class='ocrx_word' id='word_1_92' title='bbox 2528 1478 2608 1543; x_wconf 94' lang='lat' dir='ltr'><strong>de</strong></span> 
     </span>
     <span class='ocr_line' id='line_1_13' title="bbox 384 1576 2606 1665; baseline 0.002 -25"><span class='ocrx_word' id='word_1_93' title='bbox 384 1576 706 1654; x_wconf 76' lang='lat' dir='ltr'><strong>industria</strong></span> <span class='ocrx_word' id='word_1_94' title='bbox 749 1578 814 1642; x_wconf 91' lang='lat' dir='ltr'><strong>in</strong></span> <span class='ocrx_word' id='word_1_95' title='bbox 858 1579 998 1664; x_wconf 89' lang='lat' dir='ltr'><strong>ipsa</strong></span> <span class='ocrx_word' id='word_1_96' title='bbox 1034 1576 1326 1664; x_wconf 84' lang='lat' dir='ltr'><strong>Captivis</strong></span> <span class='ocrx_word' id='word_1_97' title='bbox 1361 1578 1615 1644; x_wconf 82' lang='lat' dir='ltr'><strong>Graeco</strong></span> <span class='ocrx_word' id='word_1_98' title='bbox 1660 1577 2011 1664; x_wconf 85' lang='lat' dir='ltr'><strong>exemplari</strong></span> <span class='ocrx_word' id='word_1_99' title='bbox 2051 1579 2426 1664; x_wconf 81' lang='lat' dir='ltr'><strong>parasiti</strong></span> <span class='ocrx_word' id='word_1_100' title='bbox 2467 1602 2606 1665; x_wconf 92' lang='lat' dir='ltr'><strong>per-</strong></span> 
     </span>
     <span class='ocr_line' id='line_1_14' title="bbox 385 1677 2607 1766; baseline 0.003 -26"><span class='ocrx_word' id='word_1_101' title='bbox 385 1698 606 1741; x_wconf 85' lang='lat' dir='ltr'><strong>sonam</strong></span> <span class='ocrx_word' id='word_1_102' title='bbox 641 1677 723 1742; x_wconf 92' lang='lat' dir='ltr'><strong>de</strong></span> <span class='ocrx_word' id='word_1_103' title='bbox 751 1701 864 1744; x_wconf 87' lang='lat' dir='ltr'><strong>suo</strong></span> <span class='ocrx_word' id='word_1_104' title='bbox 897 1682 1097 1765; x_wconf 80' lang='lat' dir='ltr'><strong>poeta&#39;</strong></span> <span class='ocrx_word' id='word_1_105' title='bbox 1122 1680 1394 1761; x_wconf 85' lang='lat' dir='ltr'><strong>addidit,</strong></span> <span class='ocrx_word' id='word_1_106' title='bbox 1435 1701 1560 1766; x_wconf 92' lang='lat' dir='ltr'><strong>quo</strong></span> <span class='ocrx_word' id='word_1_107' title='bbox 1596 1680 1864 1744; x_wconf 86' lang='lat' dir='ltr'><strong>iocosius</strong></span> <span class='ocrx_word' id='word_1_108' title='bbox 1902 1690 1965 1744; x_wconf 90' lang='lat' dir='ltr'><strong>et</strong></span> <span class='ocrx_word' id='word_1_109' title='bbox 1995 1680 2268 1745; x_wconf 87' lang='lat' dir='ltr'><strong>facetius</strong></span> <span class='ocrx_word' id='word_1_110' title='bbox 2302 1681 2607 1746; x_wconf 88' lang='lat' dir='ltr'><strong>evaderet</strong></span> 
     </span>
     <span class='ocr_line' id='line_1_15' title="bbox 387 1779 2606 1868; baseline 0.001 -23"><span class='ocrx_word' id='word_1_111' title='bbox 387 1779 649 1846; x_wconf 87' lang='lat' dir='ltr'><strong>fabulae</strong></span> <span class='ocrx_word' id='word_1_112' title='bbox 692 1781 1193 1868; x_wconf 77' lang='lat' dir='ltr'><strong>argumentum?</strong></span> <span class='ocrx_word' id='word_1_113' title='bbox 1256 1782 1546 1847; x_wconf 86' lang='lat' dir='ltr'><strong>Profecto</strong></span> <span class='ocrx_word' id='word_1_114' title='bbox 1591 1781 1791 1867; x_wconf 91' lang='lat' dir='ltr'><strong>igitur</strong></span> <span class='ocrx_word' id='word_1_115' title='bbox 1835 1782 2161 1868; x_wconf 91' lang='lat' dir='ltr'><strong>ineptisset</strong></span> <span class='ocrx_word' id='word_1_116' title='bbox 2203 1782 2496 1865; x_wconf 87' lang='lat' dir='ltr'><strong>Plautus,</strong></span> <span class='ocrx_word' id='word_1_117' title='bbox 2552 1785 2606 1848; x_wconf 88' lang='lat' dir='ltr'><strong>si</strong></span> 
     </span>
     <span class='ocr_line' id='line_1_16' title="bbox 383 1883 2604 1972; baseline 0.001 -26"><span class='ocrx_word' id='word_1_118' title='bbox 383 1884 520 1968; x_wconf 87' lang='lat' dir='ltr'><strong>ipse</strong></span> <span class='ocrx_word' id='word_1_119' title='bbox 562 1884 629 1946; x_wconf 93' lang='lat' dir='ltr'><strong>in</strong></span> <span class='ocrx_word' id='word_1_120' title='bbox 671 1883 932 1969; x_wconf 88' lang='lat' dir='ltr'><strong>prologo</strong></span> <span class='ocrx_word' id='word_1_121' title='bbox 966 1884 1356 1949; x_wconf 88' lang='lat' dir='ltr'><strong>comoediam</strong></span> <span class='ocrx_word' id='word_1_122' title='bbox 1393 1884 1529 1948; x_wconf 81' lang='lat' dir='ltr'><strong>istis</strong></span> <span class='ocrx_word' id='word_1_123' title='bbox 1565 1884 1717 1950; x_wconf 90' lang='lat' dir='ltr'><strong>iocis</strong></span> <span class='ocrx_word' id='word_1_124' title='bbox 1750 1894 2073 1950; x_wconf 89' lang='lat' dir='ltr'><strong>carentem</strong></span> <span class='ocrx_word' id='word_1_125' title='bbox 2109 1893 2440 1972; x_wconf 88' lang='lat' dir='ltr'><strong>tamquam</strong></span> <span class='ocrx_word' id='word_1_126' title='bbox 2470 1906 2604 1950; x_wconf 92' lang='lat' dir='ltr'><strong>rem</strong></span> 
     </span>
     <span class='ocr_line' id='line_1_17' title="bbox 385 1985 2606 2074; baseline 0 -22"><span class='ocrx_word' id='word_1_127' title='bbox 385 1987 700 2071; x_wconf 89' lang='lat' dir='ltr'><strong>singulari</strong></span> <span class='ocrx_word' id='word_1_128' title='bbox 730 1987 1055 2052; x_wconf 84' lang='lat' dir='ltr'><strong>suavitate</strong></span> <span class='ocrx_word' id='word_1_129' title='bbox 1090 1996 1520 2073; x_wconf 87' lang='lat' dir='ltr'><strong>praestantem</strong></span> <span class='ocrx_word' id='word_1_130' title='bbox 1555 1985 1997 2051; x_wconf 85' lang='lat' dir='ltr'><strong>collaudasset.</strong></span> <span class='ocrx_word' id='word_1_131' title='bbox 2059 1985 2182 2049; x_wconf 89' lang='lat' dir='ltr'><strong>Illa</strong></span> <span class='ocrx_word' id='word_1_132' title='bbox 2217 1996 2431 2051; x_wconf 92' lang='lat' dir='ltr'><strong>autem</strong></span> <span class='ocrx_word' id='word_1_133' title='bbox 2460 2009 2606 2074; x_wconf 92' lang='lat' dir='ltr'><strong>pro-</strong></span> 
     </span>
     <span class='ocr_line' id='line_1_18' title="bbox 385 2089 2604 2176; baseline 0 -23"><span class='ocrx_word' id='word_1_134' title='bbox 385 2089 516 2175; x_wconf 92' lang='lat' dir='ltr'><strong>logi</strong></span> <span class='ocrx_word' id='word_1_135' title='bbox 552 2089 753 2154; x_wconf 88' lang='lat' dir='ltr'><strong>verba</strong></span> <span class='ocrx_word' id='word_1_136' title='bbox 781 2089 968 2175; x_wconf 88' lang='lat' dir='ltr'><strong>quasi</strong></span> <span class='ocrx_word' id='word_1_137' title='bbox 994 2089 1522 2154; x_wconf 87' lang='lat' dir='ltr'><strong>commendaticia</strong></span> <span class='ocrx_word' id='word_1_138' title='bbox 1556 2091 1772 2176; x_wconf 90' lang='lat' dir='ltr'><strong>aptius</strong></span> <span class='ocrx_word' id='word_1_139' title='bbox 1803 2089 2192 2153; x_wconf 88' lang='lat' dir='ltr'><strong>conveniunt</strong></span> <span class='ocrx_word' id='word_1_140' title='bbox 2225 2111 2373 2153; x_wconf 91' lang='lat' dir='ltr'><strong>cum</strong></span> <span class='ocrx_word' id='word_1_141' title='bbox 2403 2099 2604 2174; x_wconf 87' lang='lat' dir='ltr'><strong>poste-</strong></span> 
     </span>
     <span class='ocr_line' id='line_1_19' title="bbox 387 2191 2602 2279; baseline 0 -23"><span class='ocrx_word' id='word_1_142' title='bbox 387 2192 555 2257; x_wconf 88' lang='lat' dir='ltr'><strong>riore</strong></span> <span class='ocrx_word' id='word_1_143' title='bbox 598 2201 897 2277; x_wconf 85' lang='lat' dir='ltr'><strong>tempore,</strong></span> <span class='ocrx_word' id='word_1_144' title='bbox 939 2215 1065 2279; x_wconf 92' lang='lat' dir='ltr'><strong>quo</strong></span> <span class='ocrx_word' id='word_1_145' title='bbox 1106 2192 1291 2258; x_wconf 86' lang='lat' dir='ltr'><strong>fucus</strong></span> <span class='ocrx_word' id='word_1_146' title='bbox 1333 2193 1646 2279; x_wconf 90' lang='lat' dir='ltr'><strong>politioris</strong></span> <span class='ocrx_word' id='word_1_147' title='bbox 1690 2201 1752 2256; x_wconf 91' lang='lat' dir='ltr'><strong>et</strong></span> <span class='ocrx_word' id='word_1_148' title='bbox 1788 2191 2181 2278; x_wconf 87' lang='lat' dir='ltr'><strong>speciosioris</strong></span> <span class='ocrx_word' id='word_1_149' title='bbox 2219 2191 2602 2257; x_wconf 89' lang='lat' dir='ltr'><strong>urbanitatis</strong></span> 
     </span>
     <span class='ocr_line' id='line_1_20' title="bbox 384 2293 2602 2382; baseline 0.002 -26"><span class='ocrx_word' id='word_1_150' title='bbox 384 2293 448 2356; x_wconf 91' lang='lat' dir='ltr'><strong>in</strong></span> <span class='ocrx_word' id='word_1_151' title='bbox 489 2293 698 2358; x_wconf 92' lang='lat' dir='ltr'><strong>locum</strong></span> <span class='ocrx_word' id='word_1_152' title='bbox 744 2294 956 2378; x_wconf 89' lang='lat' dir='ltr'><strong>asperi</strong></span> <span class='ocrx_word' id='word_1_153' title='bbox 999 2303 1063 2359; x_wconf 89' lang='lat' dir='ltr'><strong>et</strong></span> <span class='ocrx_word' id='word_1_154' title='bbox 1105 2294 1364 2378; x_wconf 88' lang='lat' dir='ltr'><strong>ingenui</strong></span> <span class='ocrx_word' id='word_1_155' title='bbox 1407 2296 1607 2361; x_wconf 90' lang='lat' dir='ltr'><strong>animi</strong></span> <span class='ocrx_word' id='word_1_156' title='bbox 1649 2294 1921 2359; x_wconf 88' lang='lat' dir='ltr'><strong>Romani</strong></span> <span class='ocrx_word' id='word_1_157' title='bbox 1965 2293 2365 2378; x_wconf 89' lang='lat' dir='ltr'><strong>succedebat,</strong></span> <span class='ocrx_word' id='word_1_158' title='bbox 2423 2304 2602 2382; x_wconf 88' lang='lat' dir='ltr'><strong>petu-</strong></span> 
     </span>
     <span class='ocr_line' id='line_1_21' title="bbox 380 2395 2600 2485; baseline 0 -25"><span class='ocrx_word' id='word_1_159' title='bbox 380 2395 647 2483; x_wconf 87' lang='lat' dir='ltr'><strong>lansque</strong></span> <span class='ocrx_word' id='word_1_160' title='bbox 674 2397 835 2463; x_wconf 91' lang='lat' dir='ltr'><strong>illud</strong></span> <span class='ocrx_word' id='word_1_161' title='bbox 874 2398 1196 2463; x_wconf 89' lang='lat' dir='ltr'><strong>ioculandi</strong></span> <span class='ocrx_word' id='word_1_162' title='bbox 1228 2420 1431 2485; x_wconf 91' lang='lat' dir='ltr'><strong>genus</strong></span> <span class='ocrx_word' id='word_1_163' title='bbox 1464 2419 1695 2484; x_wconf 89' lang='lat' dir='ltr'><strong>parum</strong></span> <span class='ocrx_word' id='word_1_164' title='bbox 1732 2395 2102 2483; x_wconf 88' lang='lat' dir='ltr'><strong>quadrabat</strong></span> <span class='ocrx_word' id='word_1_165' title='bbox 2132 2397 2199 2460; x_wconf 94' lang='lat' dir='ltr'><strong>in</strong></span> <span class='ocrx_word' id='word_1_166' title='bbox 2235 2397 2600 2462; x_wconf 89' lang='lat' dir='ltr'><strong>simulatam</strong></span> 
     </span>
     <span class='ocr_line' id='line_1_22' title="bbox 381 2497 2601 2585; baseline 0 -23"><span class='ocrx_word' id='word_1_167' title='bbox 381 2521 632 2564; x_wconf 88' lang='lat' dir='ltr'><strong>morum</strong></span> <span class='ocrx_word' id='word_1_168' title='bbox 669 2498 1070 2585; x_wconf 90' lang='lat' dir='ltr'><strong>elegantiam.</strong></span> <span class='ocrx_word' id='word_1_169' title='bbox 1136 2500 1457 2565; x_wconf 91' lang='lat' dir='ltr'><strong>Videntur</strong></span> <span class='ocrx_word' id='word_1_170' title='bbox 1494 2500 1696 2584; x_wconf 89' lang='lat' dir='ltr'><strong>igitur</strong></span> <span class='ocrx_word' id='word_1_171' title='bbox 1732 2497 1816 2563; x_wconf 94' lang='lat' dir='ltr'><strong>ab</strong></span> <span class='ocrx_word' id='word_1_172' title='bbox 1860 2498 2273 2563; x_wconf 89' lang='lat' dir='ltr'><strong>histrionibus</strong></span> <span class='ocrx_word' id='word_1_173' title='bbox 2316 2498 2420 2564; x_wconf 85' lang='lat' dir='ltr'><strong>vel</strong></span> <span class='ocrx_word' id='word_1_174' title='bbox 2467 2499 2601 2564; x_wconf 89' lang='lat' dir='ltr'><strong>dia-</strong></span> 
     </span>
     <span class='ocr_line' id='line_1_23' title="bbox 379 2601 2220 2686; baseline -0.002 -20"><span class='ocrx_word' id='word_1_175' title='bbox 379 2602 690 2668; x_wconf 86' lang='lat' dir='ltr'><strong>sceuastis</strong></span> <span class='ocrx_word' id='word_1_176' title='bbox 733 2601 830 2666; x_wconf 93' lang='lat' dir='ltr'><strong>illi</strong></span> <span class='ocrx_word' id='word_1_177' title='bbox 871 2625 1095 2669; x_wconf 82' lang='lat' dir='ltr'><strong>versus</strong></span> <span class='ocrx_word' id='word_1_178' title='bbox 1136 2603 1433 2668; x_wconf 86' lang='lat' dir='ltr'><strong>inferiore</strong></span> <span class='ocrx_word' id='word_1_179' title='bbox 1475 2613 1758 2686; x_wconf 87' lang='lat' dir='ltr'><strong>tempore</strong></span> <span class='ocrx_word' id='word_1_180' title='bbox 1801 2601 2023 2665; x_wconf 89' lang='lat' dir='ltr'><strong>inserti</strong></span> <span class='ocrx_word' id='word_1_181' title='bbox 2066 2620 2220 2664; x_wconf 90' lang='lat' dir='ltr'><strong>esse.</strong></span> 
     </span>
    </p>
   </div>
   <div class='ocr_carea' id='block_1_4' title="bbox 378 2720 2599 3014">
    <p class='ocr_par' dir='ltr' id='par_1_5' title="bbox 378 2720 2599 3014">
     <span class='ocr_line' id='line_1_24' title="bbox 545 2720 2599 2810; baseline -0.001 -22"><span class='ocrx_word' id='word_1_182' title='bbox 545 2723 602 2788; x_wconf 83' lang='lat'><strong>3.</strong></span> <span class='ocrx_word' id='word_1_183' title='bbox 647 2722 877 2787; x_wconf 86' lang='lat' dir='ltr'><strong>Restat</strong></span> <span class='ocrx_word' id='word_1_184' title='bbox 934 2724 1196 2787; x_wconf 89' lang='lat' dir='ltr'><strong>tertium</strong></span> <span class='ocrx_word' id='word_1_185' title='bbox 1253 2723 1616 2810; x_wconf 84' lang='lat' dir='ltr'><strong>exemplum</strong></span> <span class='ocrx_word' id='word_1_186' title='bbox 1658 2722 1984 2788; x_wconf 91' lang='lat' dir='ltr'><strong>codicibus</strong></span> <span class='ocrx_word' id='word_1_187' title='bbox 2028 2720 2362 2802; x_wconf 88' lang='lat' dir='ltr'><strong>traditum,</strong></span> <span class='ocrx_word' id='word_1_188' title='bbox 2427 2720 2599 2807; x_wconf 88' lang='lat' dir='ltr'><strong>quod</strong></span> 
     </span>
     <span class='ocr_line' id='line_1_25' title="bbox 378 2821 2599 2912; baseline -0.001 -23"><span class='ocrx_word' id='word_1_189' title='bbox 378 2846 531 2890; x_wconf 88' lang='lat' dir='ltr'><strong>sane</strong></span> <span class='ocrx_word' id='word_1_190' title='bbox 572 2826 938 2911; x_wconf 87' lang='lat' dir='ltr'><strong>graviorem</strong></span> <span class='ocrx_word' id='word_1_191' title='bbox 998 2826 1370 2911; x_wconf 90' lang='lat' dir='ltr'><strong>scrupulum</strong></span> <span class='ocrx_word' id='word_1_192' title='bbox 1427 2846 1621 2912; x_wconf 89' lang='lat' dir='ltr'><strong>quam</strong></span> <span class='ocrx_word' id='word_1_193' title='bbox 1664 2824 1791 2889; x_wconf 90' lang='lat' dir='ltr'><strong>duo</strong></span> <span class='ocrx_word' id='word_1_194' title='bbox 1837 2823 2090 2910; x_wconf 86' lang='lat' dir='ltr'><strong>priores</strong></span> <span class='ocrx_word' id='word_1_195' title='bbox 2123 2822 2327 2908; x_wconf 91' lang='lat' dir='ltr'><strong>primo</strong></span> <span class='ocrx_word' id='word_1_196' title='bbox 2368 2821 2599 2887; x_wconf 90' lang='lat' dir='ltr'><strong>obtutu</strong></span> 
     </span>
     <span class='ocr_line' id='line_1_26' title="bbox 380 2927 1114 3014; baseline 0.007 -23"><span class='ocrx_word' id='word_1_197' title='bbox 380 2927 574 2993; x_wconf 91' lang='lat' dir='ltr'><strong>alicui</strong></span> <span class='ocrx_word' id='word_1_198' title='bbox 615 2930 852 2994; x_wconf 89' lang='lat' dir='ltr'><strong>inicere</strong></span> <span class='ocrx_word' id='word_1_199' title='bbox 891 2938 1114 3014; x_wconf 90' lang='lat' dir='ltr'><strong>potest.</strong></span> 
     </span>
    </p>
   </div>
   <div class='ocr_carea' id='block_1_5' title="bbox 378 3044 2598 3339">
    <p class='ocr_par' dir='ltr' id='par_1_6' title="bbox 378 3044 2598 3339">
     <span class='ocr_line' id='line_1_27' title="bbox 378 3044 2598 3132; baseline -0.002 -21"><span class='ocrx_word' id='word_1_200' title='bbox 378 3047 585 3114; x_wconf 88' lang='lat' dir='ltr'><strong>Plaut.</strong></span> <span class='ocrx_word' id='word_1_201' title='bbox 635 3049 814 3114; x_wconf 86' lang='lat' dir='ltr'><strong>Asin.</strong></span> <span class='ocrx_word' id='word_1_202' title='bbox 870 3051 988 3115; x_wconf 85' lang='grc'><strong>491</strong></span> <span class='ocrx_word' id='word_1_203' title='bbox 1060 3047 1446 3132; x_wconf 75' lang='lat' dir='ltr'><strong>Praefiscini</strong></span> <span class='ocrx_word' id='word_1_204' title='bbox 1499 3048 1614 3112; x_wconf 82' lang='lat' dir='ltr'><strong>hoc</strong></span> <span class='ocrx_word' id='word_1_205' title='bbox 1669 3064 1834 3111; x_wconf 77' lang='lat' dir='ltr'><strong>nunc</strong></span> <span class='ocrx_word' id='word_1_206' title='bbox 1893 3044 2361 3123; x_wconf 75' lang='lat' dir='ltr'><strong>dixerim2).·</strong></span> <span class='ocrx_word' id='word_1_207' title='bbox 2421 3063 2598 3108; x_wconf 78' lang='lat' dir='ltr'><strong>nemo</strong></span> 
     </span>
     <span class='ocr_line' id='line_1_28' title="bbox 543 3146 2594 3233; baseline -0.002 -17"><span class='ocrx_word' id='word_1_208' title='bbox 543 3154 731 3217; x_wconf 77' lang='lat' dir='ltr'><strong>etiam</strong></span> <span class='ocrx_word' id='word_1_209' title='bbox 762 3171 858 3215; x_wconf 87' lang='lat' dir='ltr'><strong>me</strong></span> <span class='ocrx_word' id='word_1_210' title='bbox 886 3150 1209 3217; x_wconf 81' lang='lat' dir='ltr'><strong>accusavit</strong></span> <span class='ocrx_word' id='word_1_211' title='bbox 1241 3148 1475 3215; x_wconf 78' lang='lat' dir='ltr'><strong>Merito</strong></span> <span class='ocrx_word' id='word_1_212' title='bbox 1507 3169 1662 3232; x_wconf 87' lang='lat' dir='ltr'><strong>meo,</strong></span> <span class='ocrx_word' id='word_1_213' title='bbox 1702 3166 1900 3233; x_wconf 82' lang='lat' dir='ltr'><strong>neque</strong></span> <span class='ocrx_word' id='word_1_214' title='bbox 1931 3151 2087 3212; x_wconf 81' lang='lat' dir='ltr'><strong>mest</strong></span> <span class='ocrx_word' id='word_1_215' title='bbox 2123 3146 2390 3213; x_wconf 80' lang='lat' dir='ltr'><strong>Athenis</strong></span> <span class='ocrx_word' id='word_1_216' title='bbox 2432 3147 2594 3213; x_wconf 78' lang='lat' dir='ltr'><strong>alter</strong></span> 
     </span>
     <span class='ocr_line' id='line_1_29' title="bbox 543 3251 2249 3339; baseline -0.002 -22"><span class='ocrx_word' id='word_1_217' title='bbox 543 3252 726 3318; x_wconf 80' lang='lat' dir='ltr'><strong>hodie</strong></span> <span class='ocrx_word' id='word_1_218' title='bbox 763 3254 1118 3339; x_wconf 78' lang='lat' dir='ltr'><strong>quisquam,</strong></span> <span class='ocrx_word' id='word_1_219' title='bbox 1164 3251 1328 3332; x_wconf 78' lang='lat' dir='ltr'><strong>Quoi</strong></span> <span class='ocrx_word' id='word_1_220' title='bbox 1369 3252 1541 3319; x_wconf 78' lang='lat' dir='ltr'><strong>credi</strong></span> <span class='ocrx_word' id='word_1_221' title='bbox 1580 3256 1742 3318; x_wconf 75' lang='lat' dir='ltr'><strong>‘recte</strong></span> <span class='ocrx_word' id='word_1_222' title='bbox 1783 3271 1979 3334; x_wconf 80' lang='lat' dir='ltr'><strong>aeque</strong></span> <span class='ocrx_word' id='word_1_223' title='bbox 2014 3255 2249 3336; x_wconf 75' lang='lat' dir='ltr'><strong>putent.</strong></span> 
     </span>
    </p>
   </div>
   <div class='ocr_carea' id='block_1_6' title="bbox 375 3545 2596 4231">
    <p class='ocr_par' dir='ltr' id='par_1_7' title="bbox 378 3545 2596 3685">
     <span class='ocr_line' id='line_1_30' title="bbox 551 3545 2596 3615; baseline 0.001 -21"><span class='ocrx_word' id='word_1_224' title='bbox 551 3545 595 3609; x_wconf 85' lang='lat'><strong>¹)</strong></span> <span class='ocrx_word' id='word_1_225' title='bbox 636 3561 681 3597; x_wconf 88' lang='lat' dir='ltr'><strong>e.</strong></span> <span class='ocrx_word' id='word_1_226' title='bbox 719 3562 767 3608; x_wconf 84' lang='lat' dir='ltr'><strong>g.</strong></span> <span class='ocrx_word' id='word_1_227' title='bbox 802 3547 934 3595; x_wconf 84' lang='lat' dir='ltr'><strong>Men.</strong></span> <span class='ocrx_word' id='word_1_228' title='bbox 971 3552 1096 3612; x_wconf 86' lang='lat' dir='ltr'><strong>prol.</strong></span> <span class='ocrx_word' id='word_1_229' title='bbox 1137 3551 1201 3598; x_wconf 80' lang='grc'><strong>62</strong></span> <span class='ocrx_word' id='word_1_230' title='bbox 1227 3555 1276 3599; x_wconf 84' lang='lat' dir='ltr'><strong>et</strong></span> <span class='ocrx_word' id='word_1_231' title='bbox 1302 3550 1451 3598; x_wconf 83' lang='lat' dir='ltr'><strong>Poen.</strong></span> <span class='ocrx_word' id='word_1_232' title='bbox 1493 3550 1621 3611; x_wconf 87' lang='lat' dir='ltr'><strong>prol.</strong></span> <span class='ocrx_word' id='word_1_233' title='bbox 1667 3551 1729 3596; x_wconf 85' lang='lat'><strong>77</strong></span> <span class='ocrx_word' id='word_1_234' title='bbox 1772 3547 1864 3615; x_wconf 84' lang='lat'><strong>(=</strong></span> <span class='ocrx_word' id='word_1_235' title='bbox 1883 3549 2029 3599; x_wconf 84' lang='lat' dir='ltr'><strong>Poen.</strong></span> <span class='ocrx_word' id='word_1_236' title='bbox 2060 3550 2104 3598; x_wconf 87' lang='lat' dir='ltr'><strong>V</strong></span> <span class='ocrx_word' id='word_1_237' title='bbox 2130 3551 2177 3613; x_wconf 73' lang='lat'><strong>2,</strong></span> <span class='ocrx_word' id='word_1_238' title='bbox 2201 3552 2331 3609; x_wconf 84' lang='lat'>110).</span> <span class='ocrx_word' id='word_1_239' title='bbox 2372 3548 2429 3595; x_wconf 88' lang='lat' dir='ltr'><strong>V.</strong></span> <span class='ocrx_word' id='word_1_240' title='bbox 2458 3547 2596 3596; x_wconf 71' lang='lat' dir='ltr'><strong>Brix-</strong></span> 
     </span>
     <span class='ocr_line' id='line_1_31' title="bbox 378 3634 890 3685; baseline 0.008 -4"><span class='ocrx_word' id='word_1_241' title='bbox 378 3634 444 3682; x_wconf 86' lang='lat' dir='ltr'><strong>ad</strong></span> <span class='ocrx_word' id='word_1_242' title='bbox 476 3634 606 3685; x_wconf 83' lang='lat' dir='ltr'><strong>Men.</strong></span> <span class='ocrx_word' id='word_1_243' title='bbox 646 3652 689 3684; x_wconf 84' lang='lat' dir='ltr'><strong>v.</strong></span> <span class='ocrx_word' id='word_1_244' title='bbox 737 3639 890 3685; x_wconf 75' lang='lat'>1113.</span> 
     </span>
    </p>

    <p class='ocr_par' dir='ltr' id='par_1_8' title="bbox 375 3720 2594 4231">
     <span class='ocr_line' id='line_1_32' title="bbox 548 3720 2594 3788; baseline -0.002 -15"><span class='ocrx_word' id='word_1_245' title='bbox 548 3720 594 3782; x_wconf 80' lang='grc'><strong>2)</strong></span> <span class='ocrx_word' id='word_1_246' title='bbox 630 3723 922 3785; x_wconf 72' lang='lat' dir='ltr'><strong>praefiscini</strong></span> <span class='ocrx_word' id='word_1_247' title='bbox 970 3738 1033 3772; x_wconf 73' lang='lat' dir='ltr'><strong>ex</strong></span> <span class='ocrx_word' id='word_1_248' title='bbox 1065 3723 1313 3787; x_wconf 72' lang='lat' dir='ltr'><strong>preficisci</strong></span> <span class='ocrx_word' id='word_1_249' title='bbox 1360 3728 1421 3773; x_wconf 76' lang='lat' dir='ltr'><strong>ni</strong></span> <span class='ocrx_word' id='word_1_250' title='bbox 1459 3721 1587 3772; x_wconf 82' lang='lat' dir='ltr'><strong>B2D</strong></span> <span class='ocrx_word' id='word_1_251' title='bbox 1640 3725 1904 3788; x_wconf 68' lang='lat' dir='ltr'><strong>(perfici-sci</strong></span> <span class='ocrx_word' id='word_1_252' title='bbox 1939 3727 1999 3773; x_wconf 72' lang='lat' dir='ltr'><strong>ni</strong></span> <span class='ocrx_word' id='word_1_253' title='bbox 2035 3723 2118 3781; x_wconf 80' lang='lat'><em>13¹)</em></span> <span class='ocrx_word' id='word_1_254' title='bbox 2158 3724 2439 3773; x_wconf 84' lang='lat' dir='ltr'><strong>certissima</strong></span> <span class='ocrx_word' id='word_1_255' title='bbox 2476 3735 2594 3769; x_wconf 86' lang='lat' dir='ltr'><strong>con-</strong></span> 
     </span>
     <span class='ocr_line' id='line_1_33' title="bbox 376 3810 2593 3872; baseline 0.001 -17"><span class='ocrx_word' id='word_1_256' title='bbox 376 3810 562 3857; x_wconf 85' lang='lat' dir='ltr'><strong>iectura</strong></span> <span class='ocrx_word' id='word_1_257' title='bbox 598 3812 893 3860; x_wconf 82' lang='lat' dir='ltr'><strong>restitutum</strong></span> <span class='ocrx_word' id='word_1_258' title='bbox 928 3826 957 3859; x_wconf 85' lang='lat' dir='ltr'><strong>a</strong></span> <span class='ocrx_word' id='word_1_259' title='bbox 994 3811 1205 3860; x_wconf 83' lang='lat' dir='ltr'><strong>Curione</strong></span> <span class='ocrx_word' id='word_1_260' title='bbox 1243 3817 1293 3860; x_wconf 88' lang='lat' dir='ltr'><strong>et</strong></span> <span class='ocrx_word' id='word_1_261' title='bbox 1330 3825 1357 3858; x_wconf 79' lang='lat' dir='ltr'><strong>a</strong></span> <span class='ocrx_word' id='word_1_262' title='bbox 1394 3810 1669 3872; x_wconf 83' lang='lat' dir='ltr'><strong>Scaligero.</strong></span> <span class='ocrx_word' id='word_1_263' title='bbox 1739 3813 2014 3862; x_wconf 76' lang='lat' dir='ltr'><strong>dixerimus</strong></span> <span class='ocrx_word' id='word_1_264' title='bbox 2051 3813 2083 3861; x_wconf 90' lang='lat' dir='ltr'><strong>J</strong></span> <span class='ocrx_word' id='word_1_265' title='bbox 2120 3813 2157 3860; x_wconf 71' lang='lat'><strong>1⁴·</strong></span> <span class='ocrx_word' id='word_1_266' title='bbox 2181 3813 2234 3861; x_wconf 91' lang='grc' dir='ltr'><strong>Ζ.</strong></span> <span class='ocrx_word' id='word_1_267' title='bbox 2276 3836 2342 3846; x_wconf 91' lang='grc'>-</span> <span class='ocrx_word' id='word_1_268' title='bbox 2381 3813 2545 3860; x_wconf 85' lang='lat' dir='ltr'><strong>Prae</strong></span> <span class='ocrx_word' id='word_1_269' title='bbox 2568 3836 2593 3846; x_wconf 94' lang='lat'><em>-</em></span> 
     </span>
     <span class='ocr_line' id='line_1_34' title="bbox 377 3898 2591 3964; baseline 0.002 -19"><span class='ocrx_word' id='word_1_270' title='bbox 377 3898 542 3946; x_wconf 70' lang='lat' dir='ltr'><strong>fisci</strong></span> <span class='ocrx_word' id='word_1_271' title='bbox 562 3899 628 3946; x_wconf 88' lang='lat' dir='ltr'><strong>n1</strong></span> <span class='ocrx_word' id='word_1_272' title='bbox 682 3900 789 3961; x_wconf 83' lang='lat' dir='ltr'><strong>(pro</strong></span> <span class='ocrx_word' id='word_1_273' title='bbox 844 3913 944 3961; x_wconf 89' lang='lat' dir='ltr'><strong>quo</strong></span> <span class='ocrx_word' id='word_1_274' title='bbox 999 3902 1215 3950; x_wconf 86' lang='lat' dir='ltr'><strong>occurrit</strong></span> <span class='ocrx_word' id='word_1_275' title='bbox 1277 3900 1430 3948; x_wconf 82' lang='lat' dir='ltr'><strong>etiam</strong></span> <span class='ocrx_word' id='word_1_276' title='bbox 1483 3902 1799 3964; x_wconf 73' lang='lat' dir='ltr'><strong>praefiscine)</strong></span> <span class='ocrx_word' id='word_1_277' title='bbox 1856 3904 2073 3951; x_wconf 73' lang='lat' dir='ltr'><strong>inservit</strong></span> <span class='ocrx_word' id='word_1_278' title='bbox 2126 3901 2428 3951; x_wconf 78' lang='lat' dir='ltr'><strong>avertendae</strong></span> <span class='ocrx_word' id='word_1_279' title='bbox 2478 3900 2591 3961; x_wconf 74' lang='lat' dir='ltr'><strong>fas-</strong></span> 
     </span>
     <span class='ocr_line' id='line_1_35' title="bbox 375 3987 2587 4051; baseline 0.002 -19"><span class='ocrx_word' id='word_1_280' title='bbox 375 3987 635 4035; x_wconf 76' lang='lat' dir='ltr'><strong>cinationi</strong></span> <span class='ocrx_word' id='word_1_281' title='bbox 671 4018 683 4032; x_wconf 86' lang='lat'><strong>.</strong></span> <span class='ocrx_word' id='word_1_282' title='bbox 725 4020 735 4033; x_wconf 88' lang='lat'><strong>.</strong></span> <span class='ocrx_word' id='word_1_283' title='bbox 772 4022 786 4038; x_wconf 85' lang='lat'><strong>.</strong></span> <span class='ocrx_word' id='word_1_284' title='bbox 830 4023 842 4037; x_wconf 85' lang='lat'><strong>.</strong></span> <span class='ocrx_word' id='word_1_285' title='bbox 883 3988 1150 4037; x_wconf 75' lang='lat' dir='ltr'><strong>Putabam</strong></span> <span class='ocrx_word' id='word_1_286' title='bbox 1171 3989 1313 4037; x_wconf 83' lang='lat' dir='ltr'><strong>enim</strong></span> <span class='ocrx_word' id='word_1_287' title='bbox 1353 4002 1468 4036; x_wconf 83' lang='lat' dir='ltr'><strong>cum</strong></span> <span class='ocrx_word' id='word_1_288' title='bbox 1506 3991 1620 4051; x_wconf 74' lang='lat' dir='ltr'><strong>qais</strong></span> <span class='ocrx_word' id='word_1_289' title='bbox 1654 3991 1879 4047; x_wconf 68' lang='lat' dir='ltr'><strong>impense</strong></span> <span class='ocrx_word' id='word_1_290' title='bbox 1903 3991 1984 4036; x_wconf 85' lang='lat' dir='ltr'><strong>vel</strong></span> <span class='ocrx_word' id='word_1_291' title='bbox 2016 3992 2122 4049; x_wconf 73' lang='lat' dir='ltr'><strong>ipse</strong></span> <span class='ocrx_word' id='word_1_292' title='bbox 2157 4005 2205 4037; x_wconf 75' lang='lat' dir='ltr'><strong>se</strong></span> <span class='ocrx_word' id='word_1_293' title='bbox 2260 3989 2587 4039; x_wconf 76' lang='lat' dir='ltr'><strong>laudaret</strong></span> 
     </span>
     <span class='ocr_line' id='line_1_36' title="bbox 379 4074 2591 4138; baseline 0.001 -16"><span class='ocrx_word' id='word_1_294' title='bbox 379 4076 460 4122; x_wconf 81' lang='lat' dir='ltr'><strong>vel</strong></span> <span class='ocrx_word' id='word_1_295' title='bbox 493 4074 915 4124; x_wconf 75' lang='lat' dir='ltr'><strong>laudaretur</strong></span> <span class='ocrx_word' id='word_1_296' title='bbox 966 4077 1030 4125; x_wconf 84' lang='lat' dir='ltr'><strong>ab</strong></span> <span class='ocrx_word' id='word_1_297' title='bbox 1069 4078 1194 4133; x_wconf 83' lang='lat' dir='ltr'><strong>alio,</strong></span> <span class='ocrx_word' id='word_1_298' title='bbox 1238 4075 1613 4136; x_wconf 70' lang='lat' dir='ltr'><strong>fascinationis</strong></span> <span class='ocrx_word' id='word_1_299' title='bbox 1646 4078 1939 4138; x_wconf 78' lang='lat' dir='ltr'><strong>periculum</strong></span> <span class='ocrx_word' id='word_1_300' title='bbox 1975 4093 2107 4127; x_wconf 74' lang='lat' dir='ltr'><strong>esse.-</strong></span> <span class='ocrx_word' id='word_1_301' title='bbox 2158 4080 2244 4127; x_wconf 81' lang='lat' dir='ltr'><strong>cai·</strong></span> <span class='ocrx_word' id='word_1_302' title='bbox 2280 4077 2591 4126; x_wconf 75' lang='lat' dir='ltr'><strong>declinando</strong></span> 
     </span>
     <span class='ocr_line' id='line_1_37' title="bbox 376 4163 2592 4231; baseline 0 -17"><span class='ocrx_word' id='word_1_303' title='bbox 376 4163 777 4228; x_wconf 76' lang='lat' dir='ltr'><strong>interponebant</strong></span> <span class='ocrx_word' id='word_1_304' title='bbox 822 4166 1119 4227; x_wconf 78' lang='lat' dir='ltr'><strong>praefiscine</strong></span> <span class='ocrx_word' id='word_1_305' title='bbox 1167 4164 1450 4225; x_wconf 74' lang='lat' dir='ltr'><strong>(Forcellin.</strong></span> <span class='ocrx_word' id='word_1_306' title='bbox 1504 4166 1654 4215; x_wconf 79' lang='lat' dir='ltr'><strong>lexic.</strong></span> <span class='ocrx_word' id='word_1_307' title='bbox 1693 4165 1769 4215; x_wconf 84' lang='lat' dir='ltr'><strong>ed.</strong></span> <span class='ocrx_word' id='word_1_308' title='bbox 1807 4167 1976 4215; x_wconf 83' lang='lat' dir='ltr'><strong>Patav.</strong></span> <span class='ocrx_word' id='word_1_309' title='bbox 2016 4182 2058 4216; x_wconf 86' lang='lat' dir='ltr'><strong>a.</strong></span> <span class='ocrx_word' id='word_1_310' title='bbox 2105 4169 2232 4217; x_wconf 76' lang='grc'>1878</span> <span class='ocrx_word' id='word_1_311' title='bbox 2273 4165 2424 4231; x_wconf 72' lang='lat' dir='ltr'><strong>sqq).</strong></span> <span class='ocrx_word' id='word_1_312' title='bbox 2495 4164 2592 4215; x_wconf 81' lang='lat' dir='ltr'><strong>Sed</strong></span> 
     </span>
    </p>
   </div>
  </div>
 </body>
</html>
