<?xml version="1.0" encoding="UTF-8"?>
<!DOCTYPE html PUBLIC "-//W3C//DTD XHTML 1.0 Transitional//EN"
    "http://www.w3.org/TR/xhtml1/DTD/xhtml1-transitional.dtd">
<html xmlns="http://www.w3.org/1999/xhtml" xml:lang="en" lang="en">
 <head>
  <title>
</title>
<meta http-equiv="Content-Type" content="text/html;charset=utf-8" />
  <meta name='ocr-system' content='tesseract 3.04.00' />
  <meta name='ocr-capabilities' content='ocr_page ocr_carea ocr_par ocr_line ocrx_word'/>
</head>
<body>
  <div class='ocr_page' id='page_1' title='image "./deperfecticonju00cramgoog_0028.png"; bbox 0 0 3116 4790; ppageno 0'>
   <div class='ocr_carea' id='block_1_1' title="bbox 1650 370 1734 436">
    <p class='ocr_par' dir='ltr' id='par_1_1' title="bbox 1650 370 1734 436">
     <span class='ocr_line' id='line_1_1' title="bbox 1650 370 1734 436; baseline 0 0"><span class='ocrx_word' id='word_1_1' title='bbox 1650 370 1734 436; x_wconf 82' lang='lat'><strong><em>20</em></strong></span> 
     </span>
    </p>
   </div>
   <div class='ocr_carea' id='block_1_2' title="bbox 1492 459 1894 470">
    <p class='ocr_par' dir='ltr' id='par_1_2' title="bbox 1492 459 1894 470">
     <span class='ocr_line' id='line_1_2' title="bbox 1492 459 1894 470; baseline 0 4320"><span class='ocrx_word' id='word_1_2' title='bbox 1492 459 1894 470; x_wconf 95' lang='lat' dir='ltr'><strong><em> </em></strong></span> 
     </span>
    </p>
   </div>
   <div class='ocr_carea' id='block_1_3' title="bbox 524 571 2794 3198">
    <p class='ocr_par' dir='ltr' id='par_1_3' title="bbox 754 571 2792 657">
     <span class='ocr_line' id='line_1_3' title="bbox 754 571 2792 657; baseline 0.001 -22"><span class='ocrx_word' id='word_1_3' title='bbox 754 571 919 638; x_wconf 79' lang='lat' dir='ltr'><strong><em>malo</em></strong></span> <span class='ocrx_word' id='word_1_4' title='bbox 979 571 1518 656; x_wconf 78' lang='lat' dir='ltr'><strong><em>instipulatus</em></strong></span> <span class='ocrx_word' id='word_1_5' title='bbox 1582 575 1729 657; x_wconf 87' lang='lat' dir='ltr'><strong><em>sis,</em></strong></span> <span class='ocrx_word' id='word_1_6' title='bbox 1800 578 1944 641; x_wconf 87' lang='lat' dir='ltr'><strong><em>nive</em></strong></span> <span class='ocrx_word' id='word_1_7' title='bbox 2005 572 2340 640; x_wconf 75' lang='lat' dir='ltr'><strong><em>etiamdum·</em></strong></span> <span class='ocrx_word' id='word_1_8' title='bbox 2414 575 2544 641; x_wconf 85' lang='lat' dir='ltr'><strong><em>hau</em></strong></span> <span class='ocrx_word' id='word_1_9' title='bbox 2599 575 2792 640; x_wconf 87' lang='lat' dir='ltr'><strong><em>siem</em></strong></span> 
     </span>
    </p>

    <p class='ocr_par' dir='ltr' id='par_1_4' title="bbox 757 672 1979 759">
     <span class='ocr_line' id='line_1_4' title="bbox 757 672 1979 759; baseline 0.005 -24"><span class='ocrx_word' id='word_1_10' title='bbox 757 672 1044 756; x_wconf 79' lang='lat' dir='ltr'><strong><em>Quinque</em></strong></span> <span class='ocrx_word' id='word_1_11' title='bbox 1086 677 1140 736; x_wconf 91' lang='lat' dir='ltr'><strong><em>et</em></strong></span> <span class='ocrx_word' id='word_1_12' title='bbox 1179 674 1397 759; x_wconf 73' lang='lat' dir='ltr'><strong><em>viqinti</em></strong></span> <span class='ocrx_word' id='word_1_13' title='bbox 1439 697 1637 742; x_wconf 86' lang='lat' dir='ltr'><strong><em>annos</em></strong></span> <span class='ocrx_word' id='word_1_14' title='bbox 1677 680 1979 758; x_wconf 89' lang='lat' dir='ltr'><strong><em>natus¹).</em></strong></span> 
     </span>
    </p>

    <p class='ocr_par' dir='ltr' id='par_1_5' title="bbox 734 775 1727 841">
     <span class='ocr_line' id='line_1_5' title="bbox 734 775 1727 841; baseline 0 0"><span class='ocrx_word' id='word_1_15' title='bbox 734 775 791 841; x_wconf 86' lang='lat'><strong><em>3.</em></strong></span> <span class='ocrx_word' id='word_1_16' title='bbox 836 775 1256 840; x_wconf 82' lang='lat' dir='ltr'><strong><em>Passivum</em></strong></span> <span class='ocrx_word' id='word_1_17' title='bbox 1305 784 1398 839; x_wconf 82' lang='lat' dir='ltr'><strong><em>est</em></strong></span> <span class='ocrx_word' id='word_1_18' title='bbox 1438 776 1727 841; x_wconf 83' lang='lat' dir='ltr'><strong><em>obvium:</em></strong></span> 
     </span>
    </p>

    <p class='ocr_par' dir='ltr' id='par_1_6' title="bbox 585 875 2606 959">
     <span class='ocr_line' id='line_1_6' title="bbox 585 875 2606 959; baseline 0.003 -21"><span class='ocrx_word' id='word_1_19' title='bbox 585 875 730 939; x_wconf 84' lang='lat' dir='ltr'><strong><em>Ter.</em></strong></span> <span class='ocrx_word' id='word_1_20' title='bbox 775 876 977 941; x_wconf 85' lang='lat' dir='ltr'><strong>Andr.</strong></span> <span class='ocrx_word' id='word_1_21' title='bbox 1022 875 1143 942; x_wconf 80' lang='lat'><strong><em>276</em></strong></span> <span class='ocrx_word' id='word_1_22' title='bbox 1192 876 1390 942; x_wconf 82' lang='lat' dir='ltr'><strong><em>Haud</em></strong></span> <span class='ocrx_word' id='word_1_23' title='bbox 1428 897 1676 959; x_wconf 83' lang='lat' dir='ltr'><strong><em>verear,</em></strong></span> <span class='ocrx_word' id='word_1_24' title='bbox 1717 878 1775 942; x_wconf 86' lang='lat' dir='ltr'><strong><em>si</em></strong></span> <span class='ocrx_word' id='word_1_25' title='bbox 1814 880 1883 945; x_wconf 92' lang='lat' dir='ltr'><strong><em>in</em></strong></span> <span class='ocrx_word' id='word_1_26' title='bbox 1925 884 1982 943; x_wconf 86' lang='lat' dir='ltr'><strong><em>te</em></strong></span> <span class='ocrx_word' id='word_1_27' title='bbox 2022 884 2130 944; x_wconf 86' lang='lat' dir='ltr'><strong><em>sit</em></strong></span> <span class='ocrx_word' id='word_1_28' title='bbox 2169 881 2302 944; x_wconf 81' lang='lat' dir='ltr'><strong><em>solo</em></strong></span> <span class='ocrx_word' id='word_1_29' title='bbox 2345 881 2606 944; x_wconf 83' lang='lat' dir='ltr'><strong><em>situm.</em></strong></span> 
     </span>
    </p>

    <p class='ocr_par' dir='ltr' id='par_1_7' title="bbox 752 978 2227 1065">
     <span class='ocr_line' id='line_1_7' title="bbox 752 978 2227 1065; baseline 0.002 -22"><span class='ocrx_word' id='word_1_30' title='bbox 752 978 918 1043; x_wconf 84' lang='lat' dir='ltr'><strong><em>Sane</em></strong></span> <span class='ocrx_word' id='word_1_31' title='bbox 958 978 1145 1043; x_wconf 81' lang='lat' dir='ltr'><strong><em>situm</em></strong></span> <span class='ocrx_word' id='word_1_32' title='bbox 1186 979 1247 1046; x_wconf 91' lang='lat' dir='ltr'><strong><em>h.</em></strong></span> <span class='ocrx_word' id='word_1_33' title='bbox 1292 979 1331 1043; x_wconf 90' lang='lat' dir='ltr'><strong><em>l.</em></strong></span> <span class='ocrx_word' id='word_1_34' title='bbox 1373 980 1563 1065; x_wconf 83' lang='lat' dir='ltr'><strong><em>plane</em></strong></span> <span class='ocrx_word' id='word_1_35' title='bbox 1604 991 1698 1045; x_wconf 80' lang='lat' dir='ltr'><strong><em>est</em></strong></span> <span class='ocrx_word' id='word_1_36' title='bbox 1738 1002 1852 1065; x_wconf 86' lang='lat' dir='ltr'><strong><em>pro</em></strong></span> <span class='ocrx_word' id='word_1_37' title='bbox 1896 980 2227 1046; x_wconf 85' lang='lat' dir='ltr'><strong><em>adiectiv0.</em></strong></span> 
     </span>
    </p>

    <p class='ocr_par' dir='ltr' id='par_1_8' title="bbox 524 1077 2793 1677">
     <span class='ocr_line' id='line_1_8' title="bbox 586 1077 2793 1165; baseline 0.002 -23"><span class='ocrx_word' id='word_1_38' title='bbox 586 1079 741 1144; x_wconf 75' lang='lat' dir='ltr'><strong><em>Hoc.</em></strong></span> <span class='ocrx_word' id='word_1_39' title='bbox 785 1080 910 1145; x_wconf 84' lang='lat'><strong><em>330</em></strong></span> <span class='ocrx_word' id='word_1_40' title='bbox 955 1077 1229 1163; x_wconf 80' lang='lat' dir='ltr'><strong><em>Siforte</em></strong></span> <span class='ocrx_word' id='word_1_41' title='bbox 1271 1084 1521 1148; x_wconf 79' lang='lat' dir='ltr'><strong><em>morbus</em></strong></span> <span class='ocrx_word' id='word_1_42' title='bbox 1563 1081 1837 1165; x_wconf 78' lang='lat' dir='ltr'><strong><em>amplior</em></strong></span> <span class='ocrx_word' id='word_1_43' title='bbox 1861 1082 2154 1164; x_wconf 87' lang='lat' dir='ltr'><strong><em>faetus</em></strong></span> <span class='ocrx_word' id='word_1_44' title='bbox 2197 1083 2361 1146; x_wconf 87' lang='lat' dir='ltr'><strong><em>siet</em></strong></span> <span class='ocrx_word' id='word_1_45' title='bbox 2405 1134 2417 1146; x_wconf 93' lang='lat'><strong><em>.</em></strong></span> <span class='ocrx_word' id='word_1_46' title='bbox 2466 1133 2479 1148; x_wconf 88' lang='lat'><strong><em>.</em></strong></span> <span class='ocrx_word' id='word_1_47' title='bbox 2527 1135 2541 1149; x_wconf 94' lang='lat'><strong><em>.</em></strong></span> <span class='ocrx_word' id='word_1_48' title='bbox 2591 1132 2604 1146; x_wconf 92' lang='lat'><strong><em>.</em></strong></span> <span class='ocrx_word' id='word_1_49' title='bbox 2653 1081 2793 1149; x_wconf 83' lang='lat' dir='ltr'><strong><em>Ser·</em></strong></span> 
     </span>
     <span class='ocr_line' id='line_1_9' title="bbox 749 1182 2149 1252; baseline 0.003 -5"><span class='ocrx_word' id='word_1_50' title='bbox 749 1203 889 1247; x_wconf 86' lang='lat' dir='ltr'><strong><em>vom</em></strong></span> <span class='ocrx_word' id='word_1_51' title='bbox 929 1182 1075 1247; x_wconf 81' lang='lat' dir='ltr'><strong><em>ilico</em></strong></span> <span class='ocrx_word' id='word_1_52' title='bbox 1118 1185 1282 1249; x_wconf 86' lang='lat' dir='ltr'><strong><em>intro</em></strong></span> <span class='ocrx_word' id='word_1_53' title='bbox 1325 1185 1519 1250; x_wconf 86' lang='lat' dir='ltr'><strong><em>ivisse</em></strong></span> <span class='ocrx_word' id='word_1_54' title='bbox 1565 1184 1764 1249; x_wconf 77' lang='lat' dir='ltr'><strong><em>dicent</em></strong></span> <span class='ocrx_word' id='word_1_55' title='bbox 1809 1183 2149 1252; x_wconf 77' lang='lat' dir='ltr'><strong><em>Sostratae.</em></strong></span> 
     </span>
     <span class='ocr_line' id='line_1_10' title="bbox 583 1283 2791 1369; baseline 0 -21"><span class='ocrx_word' id='word_1_56' title='bbox 583 1283 791 1348; x_wconf 85' lang='lat' dir='ltr'><strong><em>Plaut.</em></strong></span> <span class='ocrx_word' id='word_1_57' title='bbox 832 1284 967 1352; x_wconf 87' lang='lat' dir='ltr'><strong><em>Mil.</em></strong></span> <span class='ocrx_word' id='word_1_58' title='bbox 1016 1286 1137 1350; x_wconf 87' lang='grc'><strong><em>189</em></strong></span> <span class='ocrx_word' id='word_1_59' title='bbox 1182 1284 1254 1352; x_wconf 80' lang='lat' dir='ltr'><strong><em>Si</em></strong></span> <span class='ocrx_word' id='word_1_60' title='bbox 1293 1285 1543 1369; x_wconf 81' lang='lat' dir='ltr'><strong><em>quidem</em></strong></span> <span class='ocrx_word' id='word_1_61' title='bbox 1588 1285 1854 1350; x_wconf 79' lang='lat' dir='ltr'><strong><em>centiens</em></strong></span> <span class='ocrx_word' id='word_1_62' title='bbox 1895 1285 1999 1349; x_wconf 77' lang='lat' dir='ltr'><strong><em>hie</em></strong></span> <span class='ocrx_word' id='word_1_63' title='bbox 2042 1291 2224 1352; x_wconf 88' lang='lat' dir='ltr'><strong><em>visa</em></strong></span> <span class='ocrx_word' id='word_1_64' title='bbox 2258 1285 2394 1367; x_wconf 86' lang='lat' dir='ltr'><strong><em>sit,</em></strong></span> <span class='ocrx_word' id='word_1_65' title='bbox 2449 1289 2654 1351; x_wconf 84' lang='lat' dir='ltr'><strong><em>tamen</em></strong></span> <span class='ocrx_word' id='word_1_66' title='bbox 2695 1291 2791 1349; x_wconf 81' lang='lat' dir='ltr'><strong><em>in-</em></strong></span> 
     </span>
     <span class='ocr_line' id='line_1_11' title="bbox 524 1370 1079 1467; baseline 0 -18"><span class='ocrx_word' id='word_1_67' title='bbox 524 1370 536 1387; x_wconf 43' lang='lat'><em>*</em></span> <span class='ocrx_word' id='word_1_68' title='bbox 736 1385 920 1467; x_wconf 83' lang='lat' dir='ltr'><strong><em>fitias</em></strong></span> <span class='ocrx_word' id='word_1_69' title='bbox 967 1389 1079 1451; x_wconf 90' lang='lat' dir='ltr'><strong><em>eat.</em></strong></span> 
     </span>
     <span class='ocr_line' id='line_1_12' title="bbox 659 1486 2568 1574; baseline 0.002 -23"><span class='ocrx_word' id='word_1_70' title='bbox 659 1486 744 1552; x_wconf 90' lang='grc' dir='ltr'><strong><em>ΙΙ.</em></strong></span> <span class='ocrx_word' id='word_1_71' title='bbox 788 1486 1143 1552; x_wconf 81' lang='lat' dir='ltr'><strong><em>Perfectum</em></strong></span> <span class='ocrx_word' id='word_1_72' title='bbox 1190 1489 1360 1573; x_wconf 88' lang='lat' dir='ltr'><strong><em>quod</em></strong></span> <span class='ocrx_word' id='word_1_73' title='bbox 1404 1488 1637 1554; x_wconf 86' lang='lat' dir='ltr'><strong><em>dicitur</em></strong></span> <span class='ocrx_word' id='word_1_74' title='bbox 1678 1490 2215 1574; x_wconf 81' lang='lat' dir='ltr'><strong><em>praesentiae</em></strong></span> <span class='ocrx_word' id='word_1_75' title='bbox 2257 1490 2568 1554; x_wconf 83' lang='lat' dir='ltr'><strong><em>occurrit:</em></strong></span> 
     </span>
     <span class='ocr_line' id='line_1_13' title="bbox 771 1590 1845 1677; baseline 0.003 -25"><span class='ocrx_word' id='word_1_76' title='bbox 771 1610 828 1652; x_wconf 90' lang='lat' dir='ltr'><strong><em>a.</em></strong></span> <span class='ocrx_word' id='word_1_77' title='bbox 870 1590 934 1653; x_wconf 90' lang='lat' dir='ltr'><strong><em>in</em></strong></span> <span class='ocrx_word' id='word_1_78' title='bbox 979 1590 1241 1675; x_wconf 82' lang='lat' dir='ltr'><strong><em>apodosi</em></strong></span> <span class='ocrx_word' id='word_1_79' title='bbox 1284 1594 1620 1677; x_wconf 78' lang='lat' dir='ltr'><strong><em>perpaucis</em></strong></span> <span class='ocrx_word' id='word_1_80' title='bbox 1663 1592 1845 1658; x_wconf 81' lang='lat' dir='ltr'><strong><em>locis:</em></strong></span> 
     </span>
    </p>

    <p class='ocr_par' dir='ltr' id='par_1_9' title="bbox 733 1690 2794 2181">
     <span class='ocr_line' id='line_1_14' title="bbox 733 1690 2794 1780; baseline -0.001 -25"><span class='ocrx_word' id='word_1_81' title='bbox 733 1694 789 1759; x_wconf 93' lang='lat'><strong><em>1.</em></strong></span> <span class='ocrx_word' id='word_1_82' title='bbox 835 1692 1328 1777; x_wconf 89' lang='lat' dir='ltr'><strong><em>Nonnumquam</em></strong></span> <span class='ocrx_word' id='word_1_83' title='bbox 1363 1690 1667 1777; x_wconf 86' lang='lat' dir='ltr'><strong><em>leguntur</em></strong></span> <span class='ocrx_word' id='word_1_84' title='bbox 1698 1693 2010 1759; x_wconf 86' lang='lat' dir='ltr'><strong><em>formulae</em></strong></span> <span class='ocrx_word' id='word_1_85' title='bbox 2048 1715 2210 1780; x_wconf 86' lang='lat' dir='ltr'><strong><em>quae</em></strong></span> <span class='ocrx_word' id='word_1_86' title='bbox 2244 1701 2425 1758; x_wconf 80' lang='lat' dir='ltr'><strong><em>sunt:</em></strong></span> <span class='ocrx_word' id='word_1_87' title='bbox 2459 1691 2794 1777; x_wconf 78' lang='lat' dir='ltr'><strong><em>perierim,</em></strong></span> 
     </span>
     <span class='ocr_line' id='line_1_15' title="bbox 832 1791 2790 1875; baseline 0.001 -20"><span class='ocrx_word' id='word_1_88' title='bbox 832 1792 968 1875; x_wconf 78' lang='lat' dir='ltr'><strong><em>-z‘nt,</em></strong></span> <span class='ocrx_word' id='word_1_89' title='bbox 1035 1796 1241 1858; x_wconf 81' lang='lat' dir='ltr'><strong><em>aetum</em></strong></span> <span class='ocrx_word' id='word_1_90' title='bbox 1303 1792 1386 1857; x_wconf 81' lang='lat' dir='ltr'><strong><em>sit</em></strong></span> <span class='ocrx_word' id='word_1_91' title='bbox 1403 1791 1469 1874; x_wconf 80' lang='lat'><strong><em>²).</em></strong></span> <span class='ocrx_word' id='word_1_92' title='bbox 1578 1793 1746 1859; x_wconf 84' lang='lat' dir='ltr'><strong><em>Sane</em></strong></span> <span class='ocrx_word' id='word_1_93' title='bbox 1807 1794 1929 1862; x_wconf 86' lang='lat' dir='ltr'><strong><em>illis</em></strong></span> <span class='ocrx_word' id='word_1_94' title='bbox 1994 1794 2144 1859; x_wconf 84' lang='lat' dir='ltr'><strong><em>locis</em></strong></span> <span class='ocrx_word' id='word_1_95' title='bbox 2214 1793 2394 1860; x_wconf 83' lang='lat' dir='ltr'><strong><em>verbi</em></strong></span> <span class='ocrx_word' id='word_1_96' title='bbox 2458 1795 2625 1857; x_wconf 87' lang='lat' dir='ltr'><strong><em>actio</em></strong></span> <span class='ocrx_word' id='word_1_97' title='bbox 2707 1793 2790 1857; x_wconf 89' lang='lat' dir='ltr'><strong><em>ad</em></strong></span> 
     </span>
     <span class='ocr_line' id='line_1_16' title="bbox 833 1895 2786 1982; baseline 0.001 -24"><span class='ocrx_word' id='word_1_98' title='bbox 833 1895 1200 1959; x_wconf 90' lang='lat' dir='ltr'><strong><em>futurum</em></strong></span> <span class='ocrx_word' id='word_1_99' title='bbox 1238 1905 1485 1982; x_wconf 80' lang='lat' dir='ltr'><strong><em>tempus</em></strong></span> <span class='ocrx_word' id='word_1_100' title='bbox 1520 1906 1801 1981; x_wconf 81' lang='lat' dir='ltr'><strong><em>spectat:</em></strong></span> <span class='ocrx_word' id='word_1_101' title='bbox 1845 1898 2029 1961; x_wconf 83' lang='lat' dir='ltr'><strong><em>cuius</em></strong></span> <span class='ocrx_word' id='word_1_102' title='bbox 2062 1906 2274 1962; x_wconf 84' lang='lat' dir='ltr'><strong><em>tamon</em></strong></span> <span class='ocrx_word' id='word_1_103' title='bbox 2309 1897 2403 1962; x_wconf 85' lang='lat' dir='ltr'><strong><em>rei</em></strong></span> <span class='ocrx_word' id='word_1_104' title='bbox 2435 1918 2634 1962; x_wconf 83' lang='lat' dir='ltr'><strong><em>causa</em></strong></span> <span class='ocrx_word' id='word_1_105' title='bbox 2666 1897 2786 1961; x_wconf 83' lang='lat' dir='ltr'><strong><em>sita</em></strong></span> 
     </span>
     <span class='ocr_line' id='line_1_17' title="bbox 828 1997 2788 2085; baseline 0.002 -25"><span class='ocrx_word' id='word_1_106' title='bbox 828 2006 922 2061; x_wconf 81' lang='lat' dir='ltr'><strong><em>est</em></strong></span> <span class='ocrx_word' id='word_1_107' title='bbox 958 1997 1021 2061; x_wconf 92' lang='lat' dir='ltr'><strong><em>in</em></strong></span> <span class='ocrx_word' id='word_1_108' title='bbox 1059 2019 1151 2077; x_wconf 87' lang='lat' dir='ltr'><strong><em>e0,</em></strong></span> <span class='ocrx_word' id='word_1_109' title='bbox 1194 1998 1365 2083; x_wconf 88' lang='lat' dir='ltr'><strong><em>quod</em></strong></span> <span class='ocrx_word' id='word_1_110' title='bbox 1402 1998 1548 2062; x_wconf 84' lang='lat' dir='ltr'><strong><em>illae</em></strong></span> <span class='ocrx_word' id='word_1_111' title='bbox 1585 1998 1935 2064; x_wconf 80' lang='lat' dir='ltr'><strong><em>locutiones</em></strong></span> <span class='ocrx_word' id='word_1_112' title='bbox 1977 1997 2165 2085; x_wconf 84' lang='lat' dir='ltr'><strong><em>plane</em></strong></span> <span class='ocrx_word' id='word_1_113' title='bbox 2202 2000 2269 2063; x_wconf 89' lang='lat' dir='ltr'><strong><em>in</em></strong></span> <span class='ocrx_word' id='word_1_114' title='bbox 2311 1999 2788 2085; x_wconf 83' lang='lat' dir='ltr'><strong><em>praesentis</em></strong></span> 
     </span>
     <span class='ocr_line' id='line_1_18' title="bbox 826 2099 1558 2181; baseline 0.007 -19"><span class='ocrx_word' id='word_1_115' title='bbox 826 2109 1125 2163; x_wconf 86' lang='lat' dir='ltr'><strong><em>naturam</em></strong></span> <span class='ocrx_word' id='word_1_116' title='bbox 1169 2099 1469 2165; x_wconf 83' lang='lat' dir='ltr'><strong><em>abierunt</em></strong></span> <span class='ocrx_word' id='word_1_117' title='bbox 1487 2100 1558 2181; x_wconf 77' lang='lat'><strong><em>³).</em></strong></span> 
     </span>
    </p>

    <p class='ocr_par' dir='ltr' id='par_1_10' title="bbox 577 2198 2788 2286">
     <span class='ocr_line' id='line_1_19' title="bbox 577 2198 2788 2286; baseline 0.003 -24"><span class='ocrx_word' id='word_1_118' title='bbox 577 2199 786 2267; x_wconf 85' lang='lat' dir='ltr'><strong><em>Plaut.</em></strong></span> <span class='ocrx_word' id='word_1_119' title='bbox 829 2199 998 2265; x_wconf 88' lang='lat' dir='ltr'><strong><em>Rud.</em></strong></span> <span class='ocrx_word' id='word_1_120' title='bbox 1044 2198 1164 2264; x_wconf 81' lang='lat'><strong><em>978</em></strong></span> <span class='ocrx_word' id='word_1_121' title='bbox 1208 2200 1267 2265; x_wconf 87' lang='lat' dir='ltr'><strong><em>si</em></strong></span> <span class='ocrx_word' id='word_1_122' title='bbox 1318 2204 1480 2266; x_wconf 80' lang='lat' dir='ltr'><strong><em>istuc</em></strong></span> <span class='ocrx_word' id='word_1_123' title='bbox 1520 2202 1625 2267; x_wconf 89' lang='lat' dir='ltr'><strong><em>ius</em></strong></span> <span class='ocrx_word' id='word_1_124' title='bbox 1667 2203 1749 2267; x_wconf 87' lang='lat' dir='ltr'><strong><em>sit</em></strong></span> <span class='ocrx_word' id='word_1_125' title='bbox 1790 2253 1806 2270; x_wconf 90' lang='lat'><strong><em>.</em></strong></span> <span class='ocrx_word' id='word_1_126' title='bbox 1853 2255 1867 2270; x_wconf 90' lang='lat'><strong><em>.</em></strong></span> <span class='ocrx_word' id='word_1_127' title='bbox 1915 2253 1929 2268; x_wconf 92' lang='lat'><strong><em>.</em></strong></span> <span class='ocrx_word' id='word_1_128' title='bbox 1962 2203 2314 2286; x_wconf 78' lang='lat' dir='ltr'><strong><em>piscatores</em></strong></span> <span class='ocrx_word' id='word_1_129' title='bbox 2347 2201 2788 2286; x_wconf 76' lang='lat' dir='ltr'><strong><em>perierint.</em></strong></span> 
     </span>
    </p>

    <p class='ocr_par' dir='ltr' id='par_1_11' title="bbox 578 2302 2254 2388">
     <span class='ocr_line' id='line_1_20' title="bbox 578 2302 2254 2388; baseline 0.004 -23"><span class='ocrx_word' id='word_1_130' title='bbox 578 2302 771 2367; x_wconf 87' lang='lat' dir='ltr'><strong><em>Truc.</em></strong></span> <span class='ocrx_word' id='word_1_131' title='bbox 816 2302 934 2366; x_wconf 72' lang='lat'><strong><em>707</em></strong></span> <span class='ocrx_word' id='word_1_132' title='bbox 981 2303 1040 2365; x_wconf 89' lang='lat' dir='ltr'><strong><em>si</em></strong></span> <span class='ocrx_word' id='word_1_133' title='bbox 1077 2322 1198 2367; x_wconf 89' lang='lat' dir='ltr'><strong><em>non</em></strong></span> <span class='ocrx_word' id='word_1_134' title='bbox 1230 2323 1515 2386; x_wconf 76' lang='lat' dir='ltr'><strong><em>peream,</em></strong></span> <span class='ocrx_word' id='word_1_135' title='bbox 1551 2305 1745 2388; x_wconf 79' lang='lat' dir='ltr'><strong><em>plane</em></strong></span> <span class='ocrx_word' id='word_1_136' title='bbox 1777 2304 2254 2388; x_wconf 52' lang='lat' dir='ltr'><strong><em>perier-inst).</em></strong></span> 
     </span>
    </p>

    <p class='ocr_par' dir='ltr' id='par_1_12' title="bbox 574 2402 2780 2590">
     <span class='ocr_line' id='line_1_21' title="bbox 574 2402 2780 2493; baseline 0.002 -28"><span class='ocrx_word' id='word_1_137' title='bbox 574 2402 719 2472; x_wconf 87' lang='lat' dir='ltr'><strong><em>Ter.</em></strong></span> <span class='ocrx_word' id='word_1_138' title='bbox 763 2403 960 2467; x_wconf 85' lang='lat' dir='ltr'><strong><em>Haut.</em></strong></span> <span class='ocrx_word' id='word_1_139' title='bbox 1004 2404 1138 2482; x_wconf 63' lang='lat'><strong>316,</strong></span> <span class='ocrx_word' id='word_1_140' title='bbox 1184 2402 1301 2471; x_wconf 75' lang='lat' dir='ltr'><strong><em>Ubi·</em></strong></span> <span class='ocrx_word' id='word_1_141' title='bbox 1354 2408 1413 2470; x_wconf 84' lang='lat' dir='ltr'><strong><em>si</em></strong></span> <span class='ocrx_word' id='word_1_142' title='bbox 1463 2409 1801 2491; x_wconf 80' lang='lat' dir='ltr'><strong><em>paululum</em></strong></span> <span class='ocrx_word' id='word_1_143' title='bbox 1843 2407 2019 2472; x_wconf 83' lang='lat' dir='ltr'><strong><em>modo</em></strong></span> <span class='ocrx_word' id='word_1_144' title='bbox 2066 2407 2219 2492; x_wconf 80' lang='lat' dir='ltr'><strong><em>quid</em></strong></span> <span class='ocrx_word' id='word_1_145' title='bbox 2258 2412 2315 2472; x_wconf 88' lang='lat' dir='ltr'><strong><em>te</em></strong></span> <span class='ocrx_word' id='word_1_146' title='bbox 2338 2407 2608 2493; x_wconf 64' lang='lat' dir='ltr'><strong><em>fugerit,</em></strong></span> <span class='ocrx_word' id='word_1_147' title='bbox 2674 2425 2780 2490; x_wconf 75' lang='lat' dir='ltr'><strong><em>eqo</em></strong></span> 
     </span>
     <span class='ocr_line' id='line_1_22' title="bbox 730 2506 1153 2590; baseline 0.009 -22"><span class='ocrx_word' id='word_1_148' title='bbox 730 2506 1153 2590; x_wconf 74' lang='lat' dir='ltr'><strong><em>perierim.</em></strong></span> 
     </span>
    </p>

    <p class='ocr_par' dir='ltr' id='par_1_13' title="bbox 574 2606 2610 2690">
     <span class='ocr_line' id='line_1_23' title="bbox 574 2606 2610 2690; baseline 0.002 -21"><span class='ocrx_word' id='word_1_149' title='bbox 574 2607 774 2674; x_wconf 84' lang='lat' dir='ltr'><strong><em>Haut.</em></strong></span> <span class='ocrx_word' id='word_1_150' title='bbox 820 2608 943 2671; x_wconf 77' lang='lat'><strong><em>456</em></strong></span> <span class='ocrx_word' id='word_1_151' title='bbox 987 2606 1150 2690; x_wconf 83' lang='lat' dir='ltr'><strong><em>quod</em></strong></span> <span class='ocrx_word' id='word_1_152' title='bbox 1191 2607 1250 2670; x_wconf 81' lang='lat' dir='ltr'><strong><em>si</em></strong></span> <span class='ocrx_word' id='word_1_153' title='bbox 1286 2608 1515 2673; x_wconf 81' lang='lat' dir='ltr'><strong><em>iterum</em></strong></span> <span class='ocrx_word' id='word_1_154' title='bbox 1557 2608 1713 2671; x_wconf 74' lang='lat' dir='ltr'><strong><em>milti</em></strong></span> <span class='ocrx_word' id='word_1_155' title='bbox 1750 2608 1833 2671; x_wconf 82' lang='lat' dir='ltr'><strong><em>sit</em></strong></span> <span class='ocrx_word' id='word_1_156' title='bbox 1874 2606 2104 2688; x_wconf 80' lang='lat' dir='ltr'><strong><em>danda,</em></strong></span> <span class='ocrx_word' id='word_1_157' title='bbox 2144 2611 2400 2672; x_wconf 81' lang='lat' dir='ltr'><strong><em>aetum</em></strong></span> <span class='ocrx_word' id='word_1_158' title='bbox 2441 2607 2610 2675; x_wconf 81' lang='lat' dir='ltr'><strong><em>siet.</em></strong></span> 
     </span>
    </p>

    <p class='ocr_par' dir='ltr' id='par_1_14' title="bbox 718 2706 2780 2896">
     <span class='ocr_line' id='line_1_24' title="bbox 718 2706 2780 2796; baseline -0 -23"><span class='ocrx_word' id='word_1_159' title='bbox 718 2711 776 2777; x_wconf 80' lang='lat'><strong><em>2.</em></strong></span> <span class='ocrx_word' id='word_1_160' title='bbox 821 2708 1027 2773; x_wconf 87' lang='lat' dir='ltr'><strong><em>Plaut.</em></strong></span> <span class='ocrx_word' id='word_1_161' title='bbox 1065 2708 1244 2775; x_wconf 88' lang='lat' dir='ltr'><strong><em>Trin.</em></strong></span> <span class='ocrx_word' id='word_1_162' title='bbox 1284 2709 1409 2774; x_wconf 84' lang='lat'><strong><em>950</em></strong></span> <span class='ocrx_word' id='word_1_163' title='bbox 1438 2732 1570 2796; x_wconf 81' lang='lat' dir='ltr'><strong><em>sqq.</em></strong></span> <span class='ocrx_word' id='word_1_164' title='bbox 1604 2728 1769 2774; x_wconf 85' lang='lat' dir='ltr'><strong><em>nune</em></strong></span> <span class='ocrx_word' id='word_1_165' title='bbox 1797 2710 1854 2772; x_wconf 90' lang='lat' dir='ltr'><strong><em>si</em></strong></span> <span class='ocrx_word' id='word_1_166' title='bbox 1878 2708 2060 2790; x_wconf 87' lang='lat' dir='ltr'><strong><em>forte</em></strong></span> <span class='ocrx_word' id='word_1_167' title='bbox 2096 2727 2348 2792; x_wconf 76' lang='lat' dir='ltr'><strong><em>eumpse</em></strong></span> <span class='ocrx_word' id='word_1_168' title='bbox 2385 2706 2780 2775; x_wconf 77' lang='lat' dir='ltr'><strong><em>Charmidem</em></strong></span> 
     </span>
     <span class='ocr_line' id='line_1_25' title="bbox 821 2809 2343 2896; baseline -0.001 -22"><span class='ocrx_word' id='word_1_169' title='bbox 821 2815 1222 2896; x_wconf 73' lang='lat' dir='ltr'><strong><em>eonspeoeeris</em></strong></span> <span class='ocrx_word' id='word_1_170' title='bbox 1265 2860 1281 2876; x_wconf 90' lang='lat'><strong>.</strong></span> <span class='ocrx_word' id='word_1_171' title='bbox 1329 2865 1342 2881; x_wconf 93' lang='lat'><strong><em>.</em></strong></span> <span class='ocrx_word' id='word_1_172' title='bbox 1386 2863 1399 2879; x_wconf 93' lang='lat'><strong><em>.</em></strong></span> <span class='ocrx_word' id='word_1_173' title='bbox 1444 2831 1591 2875; x_wconf 87' lang='lat' dir='ltr'><strong><em>nov</em></strong></span> <span class='ocrx_word' id='word_1_174' title='bbox 1613 2812 1881 2875; x_wconf 88' lang='lat' dir='ltr'><strong><em>erisne</em></strong></span> <span class='ocrx_word' id='word_1_175' title='bbox 1922 2809 2343 2891; x_wconf 68' lang='lat' dir='ltr'><strong><em>hominern?⁶)</em></strong></span> 
     </span>
    </p>

    <p class='ocr_par' dir='ltr' id='par_1_15' title="bbox 751 2910 2784 2998">
     <span class='ocr_line' id='line_1_26' title="bbox 751 2910 2784 2998; baseline -0.003 -20"><span class='ocrx_word' id='word_1_176' title='bbox 751 2911 813 2980; x_wconf 89' lang='lat' dir='ltr'><strong><em>b.</em></strong></span> <span class='ocrx_word' id='word_1_177' title='bbox 859 2913 938 2976; x_wconf 89' lang='lat' dir='ltr'><strong><em>In</em></strong></span> <span class='ocrx_word' id='word_1_178' title='bbox 980 2914 1225 2998; x_wconf 85' lang='lat' dir='ltr'><strong><em>protasi</em></strong></span> <span class='ocrx_word' id='word_1_179' title='bbox 1266 2914 1457 2998; x_wconf 87' lang='lat' dir='ltr'><strong><em>paulo</em></strong></span> <span class='ocrx_word' id='word_1_180' title='bbox 1498 2914 1752 2997; x_wconf 81' lang='lat' dir='ltr'><strong><em>saepius</em></strong></span> <span class='ocrx_word' id='word_1_181' title='bbox 1797 2912 2056 2998; x_wconf 72' lang='lat' dir='ltr'><strong><em>perfecti</em></strong></span> <span class='ocrx_word' id='word_1_182' title='bbox 2110 2911 2302 2993; x_wconf 83' lang='lat' dir='ltr'><strong><em>logici</em></strong></span> <span class='ocrx_word' id='word_1_183' title='bbox 2344 2910 2784 2976; x_wconf 82' lang='lat' dir='ltr'><strong><em>coniunctivus</em></strong></span> 
     </span>
    </p>

    <p class='ocr_par' dir='ltr' id='par_1_16' title="bbox 568 3012 2147 3198">
     <span class='ocr_line' id='line_1_27' title="bbox 867 3012 1134 3099; baseline 0 -23"><span class='ocrx_word' id='word_1_184' title='bbox 867 3012 1134 3099; x_wconf 78' lang='lat' dir='ltr'><strong><em>legitur:</em></strong></span> 
     </span>
     <span class='ocr_line' id='line_1_28' title="bbox 568 3105 2147 3198; baseline -0.001 -21"><span class='ocrx_word' id='word_1_185' title='bbox 568 3112 778 3181; x_wconf 88' lang='lat' dir='ltr'><strong><em>Plaut.</em></strong></span> <span class='ocrx_word' id='word_1_186' title='bbox 812 3105 991 3182; x_wconf 82' lang='lat' dir='ltr'><strong><em>Men.</em></strong></span> <span class='ocrx_word' id='word_1_187' title='bbox 1040 3115 1164 3180; x_wconf 78' lang='lat'><strong><em>503</em></strong></span> <span class='ocrx_word' id='word_1_188' title='bbox 1208 3109 1354 3177; x_wconf 90' lang='lat' dir='ltr'><strong><em>Non</em></strong></span> <span class='ocrx_word' id='word_1_189' title='bbox 1395 3130 1629 3197; x_wconf 74' lang='lat' dir='ltr'><strong><em>neqem,</em></strong></span> <span class='ocrx_word' id='word_1_190' title='bbox 1671 3112 1729 3175; x_wconf 87' lang='lat' dir='ltr'><strong><em>si</em></strong></span> <span class='ocrx_word' id='word_1_191' title='bbox 1769 3111 2147 3198; x_wconf 84' lang='lat' dir='ltr'><strong><em>noverim.</em></strong></span> 
     </span>
    </p>
   </div>
   <div class='ocr_carea' id='block_1_4' title="bbox 559 3354 2784 4124">
    <p class='ocr_par' dir='ltr' id='par_1_17' title="bbox 565 3354 2784 3510">
     <span class='ocr_line' id='line_1_29' title="bbox 742 3354 2784 3418; baseline -0.002 -12"><span class='ocrx_word' id='word_1_192' title='bbox 742 3358 784 3417; x_wconf 88' lang='lat'><strong><em>1)</em></strong></span> <span class='ocrx_word' id='word_1_193' title='bbox 823 3358 1103 3406; x_wconf 79' lang='lat' dir='ltr'><strong><em>Notandum</em></strong></span> <span class='ocrx_word' id='word_1_194' title='bbox 1161 3363 1238 3406; x_wconf 79' lang='lat' dir='ltr'><strong><em>est</em></strong></span> <span class='ocrx_word' id='word_1_195' title='bbox 1276 3357 1338 3405; x_wconf 80' lang='lat' dir='ltr'><strong><em>ad</em></strong></span> <span class='ocrx_word' id='word_1_196' title='bbox 1375 3356 1604 3418; x_wconf 80' lang='lat' dir='ltr'><strong><em>exempla</em></strong></span> <span class='ocrx_word' id='word_1_197' title='bbox 1640 3357 1926 3418; x_wconf 80' lang='lat' dir='ltr'><strong><em>passivi</em></strong></span> <span class='ocrx_word' id='word_1_198' title='bbox 1976 3357 2170 3415; x_wconf 75' lang='lat' dir='ltr'><strong><em>generis</em></strong></span> <span class='ocrx_word' id='word_1_199' title='bbox 2223 3355 2392 3403; x_wconf 76' lang='lat' dir='ltr'><strong><em>referri</em></strong></span> <span class='ocrx_word' id='word_1_200' title='bbox 2444 3367 2589 3416; x_wconf 81' lang='lat' dir='ltr'><strong><em>posse</em></strong></span> <span class='ocrx_word' id='word_1_201' title='bbox 2632 3354 2784 3403; x_wconf 79' lang='lat' dir='ltr'><strong><em>etiam</em></strong></span> 
     </span>
     <span class='ocr_line' id='line_1_30' title="bbox 565 3447 1564 3510; baseline 0.001 -14"><span class='ocrx_word' id='word_1_202' title='bbox 565 3450 767 3497; x_wconf 79' lang='lat' dir='ltr'><strong><em>verbum</em></strong></span> <span class='ocrx_word' id='word_1_203' title='bbox 801 3451 949 3497; x_wconf 74' lang='lat' dir='ltr'><strong><em>nasei</em></strong></span> <span class='ocrx_word' id='word_1_204' title='bbox 986 3450 1073 3508; x_wconf 83' lang='lat'>(-&#39;=</span> <span class='ocrx_word' id='word_1_205' title='bbox 1096 3449 1311 3510; x_wconf 65' lang='lat' dir='ltr'><strong><em>,qeboren</em></strong></span> <span class='ocrx_word' id='word_1_206' title='bbox 1327 3447 1564 3505; x_wconf 78' lang='lat' dir='ltr'><strong><em>werden).</em></strong></span> 
     </span>
    </p>

    <p class='ocr_par' dir='ltr' id='par_1_18' title="bbox 735 3530 2508 3598">
     <span class='ocr_line' id='line_1_31' title="bbox 735 3530 2508 3598; baseline -0.003 -12"><span class='ocrx_word' id='word_1_207' title='bbox 735 3536 786 3598; x_wconf 80' lang='lat'><strong><em>2)</em></strong></span> <span class='ocrx_word' id='word_1_208' title='bbox 825 3537 996 3586; x_wconf 83' lang='lat' dir='ltr'><strong><em>Futnr.</em></strong></span> <span class='ocrx_word' id='word_1_209' title='bbox 1038 3551 1115 3585; x_wconf 80' lang='lat' dir='ltr'><strong><em>ex.</em></strong></span> <span class='ocrx_word' id='word_1_210' title='bbox 1153 3549 1393 3597; x_wconf 79' lang='lat' dir='ltr'><strong><em>cognosco</em></strong></span> <span class='ocrx_word' id='word_1_211' title='bbox 1429 3538 1482 3585; x_wconf 80' lang='lat' dir='ltr'><strong><em>in</em></strong></span> <span class='ocrx_word' id='word_1_212' title='bbox 1508 3535 1616 3585; x_wconf 78' lang='lat' dir='ltr'><strong><em>Mil.</em></strong></span> <span class='ocrx_word' id='word_1_213' title='bbox 1657 3550 1706 3582; x_wconf 85' lang='lat' dir='ltr'><strong><em>v.</em></strong></span> <span class='ocrx_word' id='word_1_214' title='bbox 1750 3535 1847 3583; x_wconf 77' lang='lat'><strong><em>297</em></strong></span> <span class='ocrx_word' id='word_1_215' title='bbox 1892 3533 2138 3591; x_wconf 76' lang='lat' dir='ltr'><strong><em>(perieris,</em></strong></span> <span class='ocrx_word' id='word_1_216' title='bbox 2176 3530 2508 3593; x_wconf 77' lang='lat' dir='ltr'><strong><em>disperieris).</em></strong></span> 
     </span>
    </p>

    <p class='ocr_par' dir='ltr' id='par_1_19' title="bbox 564 3618 2783 3864">
     <span class='ocr_line' id='line_1_32' title="bbox 735 3618 2781 3689; baseline -0.006 -14"><span class='ocrx_word' id='word_1_217' title='bbox 735 3624 783 3689; x_wconf 75' lang='lat'><strong><em>⁸)</em></strong></span> <span class='ocrx_word' id='word_1_218' title='bbox 819 3624 1180 3675; x_wconf 80' lang='lat' dir='ltr'><strong><em>Coniunctivns</em></strong></span> <span class='ocrx_word' id='word_1_219' title='bbox 1206 3625 1379 3686; x_wconf 78' lang='lat' dir='ltr'><strong><em>igitur,</em></strong></span> <span class='ocrx_word' id='word_1_220' title='bbox 1417 3622 1688 3673; x_wconf 79' lang='lat' dir='ltr'><strong><em>secundum</em></strong></span> <span class='ocrx_word' id='word_1_221' title='bbox 1709 3621 1987 3683; x_wconf 77' lang='lat' dir='ltr'><strong><em>praesentis</em></strong></span> <span class='ocrx_word' id='word_1_222' title='bbox 2011 3623 2259 3681; x_wconf 84' lang='lat' dir='ltr'><strong><em>naturam,</em></strong></span> <span class='ocrx_word' id='word_1_223' title='bbox 2294 3633 2396 3667; x_wconf 82' lang='lat' dir='ltr'><strong><em>rem</em></strong></span> <span class='ocrx_word' id='word_1_224' title='bbox 2436 3618 2781 3665; x_wconf 73' lang='lat' dir='ltr'><strong><em>imminentem</em></strong></span> 
     </span>
     <span class='ocr_line' id='line_1_33' title="bbox 564 3705 2783 3774; baseline -0.003 -14"><span class='ocrx_word' id='word_1_225' title='bbox 564 3716 621 3773; x_wconf 78' lang='lat' dir='ltr'><strong><em>(s,</em></strong></span> <span class='ocrx_word' id='word_1_226' title='bbox 645 3713 876 3771; x_wconf 78' lang='lat' dir='ltr'><strong><em>futuram)</em></strong></span> <span class='ocrx_word' id='word_1_227' title='bbox 902 3715 1203 3774; x_wconf 82' lang='lat' dir='ltr'><strong><em>cogitatione</em></strong></span> <span class='ocrx_word' id='word_1_228' title='bbox 1240 3718 1487 3774; x_wconf 82' lang='lat' dir='ltr'><strong><em>sumptam</em></strong></span> <span class='ocrx_word' id='word_1_229' title='bbox 1524 3712 1790 3772; x_wconf 80' lang='lat' dir='ltr'><strong><em>significat.</em></strong></span> <span class='ocrx_word' id='word_1_230' title='bbox 1849 3709 2103 3757; x_wconf 80' lang='lat' dir='ltr'><strong><em>Nimirum</em></strong></span> <span class='ocrx_word' id='word_1_231' title='bbox 2135 3708 2277 3756; x_wconf 82' lang='lat' dir='ltr'><strong><em>nullo</em></strong></span> <span class='ocrx_word' id='word_1_232' title='bbox 2304 3714 2448 3769; x_wconf 82' lang='lat' dir='ltr'><strong><em>pacto</em></strong></span> <span class='ocrx_word' id='word_1_233' title='bbox 2481 3707 2539 3757; x_wconf 79' lang='lat' dir='ltr'><strong><em>de</em></strong></span> <span class='ocrx_word' id='word_1_234' title='bbox 2564 3705 2783 3755; x_wconf 73' lang='lat' dir='ltr'><strong><em>‘aot-isto*</em></strong></span> 
     </span>
     <span class='ocr_line' id='line_1_34' title="bbox 565 3784 2171 3864; baseline -0.002 -16"><span class='ocrx_word' id='word_1_235' title='bbox 565 3801 783 3864; x_wconf 82' lang='lat' dir='ltr'><strong><em>quodam</em></strong></span> <span class='ocrx_word' id='word_1_236' title='bbox 820 3805 1043 3863; x_wconf 79' lang='lat' dir='ltr'><strong><em>tempore</em></strong></span> <span class='ocrx_word' id='word_1_237' title='bbox 1082 3804 1138 3850; x_wconf 89' lang='lat' dir='ltr'><strong><em>in</em></strong></span> <span class='ocrx_word' id='word_1_238' title='bbox 1174 3784 1265 3849; x_wconf 67' lang='lat' dir='ltr'><strong><em>his</em></strong></span> <span class='ocrx_word' id='word_1_239' title='bbox 1290 3801 1493 3862; x_wconf 74' lang='lat' dir='ltr'><strong><em>quidem</em></strong></span> <span class='ocrx_word' id='word_1_240' title='bbox 1533 3800 1707 3847; x_wconf 75' lang='lat' dir='ltr'><strong><em>sormi⁸</em></strong></span> <span class='ocrx_word' id='word_1_241' title='bbox 1744 3799 1952 3859; x_wconf 79' lang='lat' dir='ltr'><strong><em>cogitari</em></strong></span> <span class='ocrx_word' id='word_1_242' title='bbox 1991 3802 2171 3858; x_wconf 78' lang='lat' dir='ltr'><strong><em>potest.</em></strong></span> 
     </span>
    </p>

    <p class='ocr_par' dir='ltr' id='par_1_20' title="bbox 737 3885 2126 3947">
     <span class='ocr_line' id='line_1_35' title="bbox 737 3885 2126 3947; baseline -0.002 -10"><span class='ocrx_word' id='word_1_243' title='bbox 737 3887 787 3947; x_wconf 78' lang='lat'><strong><em>⁴)</em></strong></span> <span class='ocrx_word' id='word_1_244' title='bbox 823 3888 904 3937; x_wconf 81' lang='lat' dir='ltr'><strong><em>Sic</em></strong></span> <span class='ocrx_word' id='word_1_245' title='bbox 941 3889 1142 3937; x_wconf 71' lang='lat' dir='ltr'><strong><em>Goeller</em></strong></span> <span class='ocrx_word' id='word_1_246' title='bbox 1178 3893 1228 3937; x_wconf 79' lang='lat' dir='ltr'><strong><em>ot</em></strong></span> <span class='ocrx_word' id='word_1_247' title='bbox 1267 3889 1477 3946; x_wconf 71' lang='lat' dir='ltr'><strong><em>Sabeon,</em></strong></span> <span class='ocrx_word' id='word_1_248' title='bbox 1516 3890 1686 3937; x_wconf 82' lang='lat' dir='ltr'><strong><em>uriem</em></strong></span> <span class='ocrx_word' id='word_1_249' title='bbox 1726 3889 1760 3933; x_wconf 84' lang='lat' dir='ltr'>B</span> <span class='ocrx_word' id='word_1_250' title='bbox 1802 3890 1979 3936; x_wconf 81' lang='lat' dir='ltr'><strong><em>urient</em></strong></span> <span class='ocrx_word' id='word_1_251' title='bbox 2016 3885 2126 3934; x_wconf 80' lang='lat' dir='ltr'><strong><em>Dc,</em></strong></span> 
     </span>
    </p>

    <p class='ocr_par' dir='ltr' id='par_1_21' title="bbox 559 3970 2784 4124">
     <span class='ocr_line' id='line_1_36' title="bbox 739 3970 2784 4037; baseline -0.005 -12"><span class='ocrx_word' id='word_1_252' title='bbox 739 3976 785 4036; x_wconf 81' lang='lat'><strong><em>5)</em></strong></span> <span class='ocrx_word' id='word_1_253' title='bbox 823 3977 900 4025; x_wconf 83' lang='lat' dir='ltr'><strong><em>Ad</em></strong></span> <span class='ocrx_word' id='word_1_254' title='bbox 942 3979 1163 4024; x_wconf 82' lang='lat' dir='ltr'><strong><em>futurum</em></strong></span> <span class='ocrx_word' id='word_1_255' title='bbox 1200 3981 1428 4023; x_wconf 73' lang='lat' dir='ltr'><strong><em>exactum</em></strong></span> <span class='ocrx_word' id='word_1_256' title='bbox 1462 3982 1688 4037; x_wconf 76' lang='lat' dir='ltr'><strong><em>spectant</em></strong></span> <span class='ocrx_word' id='word_1_257' title='bbox 1727 3975 1835 4025; x_wconf 82' lang='lat' dir='ltr'><strong><em>Ter.</em></strong></span> <span class='ocrx_word' id='word_1_258' title='bbox 1876 3974 2030 4022; x_wconf 84' lang='lat' dir='ltr'><strong><em>Andr.</em></strong></span> <span class='ocrx_word' id='word_1_259' title='bbox 2063 3974 2194 4035; x_wconf 82' lang='lat' dir='ltr'><strong><em>prol.</em></strong></span> <span class='ocrx_word' id='word_1_260' title='bbox 2242 3977 2301 4020; x_wconf 84' lang='lat'><strong><em>10</em></strong></span> <span class='ocrx_word' id='word_1_261' title='bbox 2343 3972 2470 4030; x_wconf 81' lang='lat' dir='ltr'><strong><em>(Qui</em></strong></span> <span class='ocrx_word' id='word_1_262' title='bbox 2497 3975 2671 4018; x_wconf 84' lang='lat' dir='ltr'><strong><em>utram</em></strong></span> <span class='ocrx_word' id='word_1_263' title='bbox 2705 3970 2784 4016; x_wconf 79' lang='lat' dir='ltr'><strong><em>vis</em></strong></span> 
     </span>
     <span class='ocr_line' id='line_1_37' title="bbox 559 4061 2778 4124; baseline -0.004 -9"><span class='ocrx_word' id='word_1_264' title='bbox 559 4071 688 4115; x_wconf 78' lang='lat' dir='ltr'><strong><em>recte</em></strong></span> <span class='ocrx_word' id='word_1_265' title='bbox 722 4068 874 4124; x_wconf 82' lang='lat' dir='ltr'><strong><em>norit,</em></strong></span> <span class='ocrx_word' id='word_1_266' title='bbox 934 4067 1111 4114; x_wconf 84' lang='lat' dir='ltr'><strong><em>ambas</em></strong></span> <span class='ocrx_word' id='word_1_267' title='bbox 1147 4065 1463 4120; x_wconf 79' lang='lat' dir='ltr'><strong><em>noverit),</em></strong></span> <span class='ocrx_word' id='word_1_268' title='bbox 1525 4063 1723 4110; x_wconf 87' lang='lat' dir='ltr'><strong><em>Phorm.</em></strong></span> <span class='ocrx_word' id='word_1_269' title='bbox 1782 4064 1881 4110; x_wconf 72' lang='lat'><strong><em>265</em></strong></span> <span class='ocrx_word' id='word_1_270' title='bbox 1940 4062 2138 4116; x_wconf 79' lang='lat' dir='ltr'><strong><em>(Unum</em></strong></span> <span class='ocrx_word' id='word_1_271' title='bbox 2192 4074 2345 4123; x_wconf 82' lang='lat' dir='ltr'><strong><em>quom</em></strong></span> <span class='ocrx_word' id='word_1_272' title='bbox 2395 4062 2539 4108; x_wconf 71' lang='lat' dir='ltr'><strong><em>noris</em></strong></span> <span class='ocrx_word' id='word_1_273' title='bbox 2588 4061 2683 4119; x_wconf 81' lang='lat' dir='ltr'><strong><em>[sic</em></strong></span> <span class='ocrx_word' id='word_1_274' title='bbox 2723 4061 2778 4121; x_wconf 78' lang='lat' dir='ltr'><strong><em>A,</em></strong></span> 
     </span>
    </p>
   </div>
   <div class='ocr_carea' id='block_1_5' title="bbox 565 4153 1609 4215">
    <p class='ocr_par' dir='ltr' id='par_1_22' title="bbox 565 4153 1609 4215">
     <span class='ocr_line' id='line_1_38' title="bbox 565 4153 1609 4215; baseline -0.006 -11"><span class='ocrx_word' id='word_1_275' title='bbox 565 4158 796 4215; x_wconf 69' lang='lat' dir='ltr'><strong><em>coquaris</em></strong></span> <span class='ocrx_word' id='word_1_276' title='bbox 827 4168 923 4203; x_wconf 69' lang='lat' dir='ltr'><strong><em>roc.</em></strong></span> <span class='ocrx_word' id='word_1_277' title='bbox 960 4154 1121 4213; x_wconf 69' lang='lat' dir='ltr'><strong><em>calm.</em></strong></span> <span class='ocrx_word' id='word_1_278' title='bbox 1160 4167 1332 4202; x_wconf 77' lang='lat' dir='ltr'><strong><em>omnes</em></strong></span> <span class='ocrx_word' id='word_1_279' title='bbox 1368 4166 1452 4199; x_wconf 81' lang='lat' dir='ltr'><strong><em>no</em></strong></span> <span class='ocrx_word' id='word_1_280' title='bbox 1472 4153 1609 4205; x_wconf 80' lang='lat' dir='ltr'><strong><em>ris.)</em></strong></span> 
     </span>
    </p>
   </div>
  </div>
 </body>
</html>
