3116 4790
1620 347 1702 414 52

544 546 726 633 Capt.
768 545 894 611 449
940 545 1212 631 Sequere
1262 568 1378 629 me,
1443 549 1744 613 viaticum
1800 553 1871 612 ut
1931 548 2067 612 dem
2130 570 2170 613 a
2231 549 2576 632 tarpessita
2630 547 2775 614 tibi.-

713 646 952 713 Eadem
1011 668 1206 732 opera
1263 669 1304 713 a
1350 653 1657 732 praetore
1698 670 1946 715 sumam
1987 649 2444 735 syngraphum.
2494 652 2526 732 ΙΙ
2575 649 2775 729 Quem

652 808 657 815 ,
709 747 1185 835 synyraphum?
1211 750 1242 829 ΙΙ
1272 747 1470 827 Quem
1503 750 1606 814 hic
1624 748 1812 830 ferat
1844 770 2053 814 seeum
2089 749 2173 814 ad
2204 750 2500 835 leqionem
2535 773 2586 819 e.
2621 773 2682 837 q.
2721 773 2773 815 s.

711 851 926 914 Etiam
974 853 1035 916 h.
1082 850 1125 914 l.
1171 851 1333 915 alius
1380 859 1573 937 atque
1617 853 1729 936 qui
1773 852 1952 937 sequi
1998 853 2205 915 iussus
2251 861 2366 933 est,
2423 874 2772 916 sermonem

538 950 995 1036 interrogando
1029 949 1262 1032 (Quem
1285 950 1789 1035 synyraphum?)
1816 951 2145 1037 producit3
2190 961 2525 1036 praeterea
2554 962 2769 1017 autem

541 1054 617 1114 in
660 1051 825 1117 fine
866 1049 1272 1137 colloquii
1314 1052 1682 1116 iteratur
1728 1052 2123 1136 sequendi
2164 1054 2469 1115 iussum
2514 1055 2600 1133 (v.
2644 1052 2774 1116 460

543 1151 817 1235 Sequere
859 1155 940 1231 tu,
989 1154 1047 1214 te
1088 1154 1159 1214 ut
1202 1152 1537 1232 amittam).

540 1252 737 1316 Merc.
783 1251 904 1316 952
952 1249 1224 1335 Sequere
1258 1251 1368 1321 sis.
1409 1254 1441 1334 ΙΙ
1484 1250 1743 1335 Sequor.
1784 1253 1821 1335 ΙΙ
1861 1250 2205 1318 Clementer
2243 1271 2508 1339 quaeso:
2574 1253 2773 1318 calces

709 1350 955 1418 deteris.
1001 1352 1219 1417 Audin
1263 1352 1376 1416 tu?
1419 1376 1472 1418 e.
1516 1376 1579 1439 q.
1623 1377 1669 1418 s.

712 1451 844 1517 Ubi
906 1454 1116 1538 ipsum
1174 1452 1334 1518 illud
1393 1453 1593 1519 calces
1653 1453 1885 1518 deteris
1929 1452 2247 1538 significat
2292 1453 2512 1518 ambos
2555 1453 2769 1516 statim

543 1551 624 1615 de
667 1573 899 1617 scaena
943 1575 1079 1618 esse
1125 1555 1512 1620 decessuros.
1587 1555 1879 1636 Accedit,
1924 1554 2094 1639 quod
2138 1555 2191 1617 is
2235 1556 2388 1639 ipse,
2435 1554 2545 1638 qui
2590 1554 2769 1639 sequi

542 1655 753 1718 iussus
797 1663 914 1737 est,
957 1655 1232 1721 alterum
1276 1656 1585 1736 stimulat,
1621 1678 1700 1720 ne
1745 1666 1945 1720 cesset
1987 1661 2120 1736 (vv.
2149 1656 2272 1720 954
2298 1678 2387 1740 sq.
2417 1673 2566 1718 uam
2602 1674 2768 1717 uum·

543 1750 656 1815 eist
704 1752 879 1818 irata
911 1789 989 1798 —
1017 1757 1049 1837 ΙΙ
1079 1753 1128 1818 Ι
1167 1755 1406 1819 mode.
1453 1759 1484 1838 ΙΙ
1528 1754 1802 1838 Propter
1845 1756 2065 1820 istanc.
2109 1758 2140 1839 ΙΙ
2186 1753 2235 1819 I
2276 1756 2510 1819 mode.
2539 1759 2571 1840 ΙΙ
2600 1756 2772 1840 Eryo

543 1871 719 1918 eura.
747 1856 779 1936 ΙΙ
809 1851 980 1931 Qui-n
1021 1859 1091 1919 tu
1135 1875 1278 1940 erqo
1321 1854 1347 1918 i
1391 1856 1632 1937 moda).

543 1954 729 2020 Most.
767 1955 894 2019 990
932 1944 1145 2021 Puere
1179 1976 1458 2039 sequere,
1492 1962 1548 2022 te
1579 1957 1846 2039 obsecre,
1883 1957 2000 2021 hac
2034 1977 2131 2021 me
2152 1957 2217 2039 ¹).
2247 1959 2278 2040 ΙΙ
2307 1955 2541 2043 [Ter-90
2568 1959 2769 2025 timeo,

733 2059 765 2136 ΙΙ
793 2054 892 2120 Ne
933 2061 1078 2121 tz’me
1096 2056 1195 2143 2).]

713 2155 927 2222 Puere
969 2160 1179 2223 iamne
1222 2159 1402 2223 abis?
1437 2161 1469 2241 ΙΙ
1512 2157 1809 2223 I'A'bertas
1844 2160 2191 2243 paenulast
2230 2164 2398 2244 teryo
2441 2163 2583 2222 tuo:

712 2255 903 2339 Mihi,
947 2259 1072 2322 nisi
1113 2262 1184 2322 ut
1228 2278 1405 2324 erum
1449 2263 1721 2324 metuam
1767 2264 1821 2323 et
1864 2278 2096 2340 curem,
2138 2259 2298 2323 mihil
2342 2263 2430 2323 est
2471 2260 2582 2342 qui

1933 2363 2176 2445 teryum
2218 2364 2437 2445 teqam.

711 2459 837 2523 Hic
870 2459 1223 2525 Phaniscus
1268 2482 1429 2545 puer
1462 2459 1977 2546 Theopropidem
2018 2482 2228 2524 senem
2265 2462 2446 2548 sequi
2480 2470 2773 2525 recusat:

543 2561 638 2622 eri
695 2561 862 2623 enim
920 2561 1084 2623 iram
1140 2583 1206 2624 se
1269 2564 1492 2624 timere
1546 2561 1721 2628 dicit.
1808 2561 2288 2648 Theopropides
2346 2571 2559 2626 autem
2604 2561 2774 2627 hunc

547 2661 924 2747 scrupulum
986 2683 1187 2746 puero
1254 2683 1337 2725 ex
1403 2662 1613 2725 animo
1679 2662 1951 2727 evellere
2017 2662 2247 2727 studet.
2335 2661 2524 2742 Quod
2575 2662 2778 2745 igitur

547 2782 819 2826 scaenae
874 2760 1018 2826 finis
1071 2762 1407 2847 paululum
1452 2762 1777 2844 differtur,
1842 2785 1968 2828 non
2034 2774 2127 2827 est
2190 2766 2441 2831 mirum.
2541 2762 2775 2828 Similis

542 2863 705 2927 ratio
750 2862 927 2927 cadit
968 2863 1033 2925 in

545 2963 780 3030 Bacch.
809 2988 873 3029 v.
908 2964 987 3027 87
1028 2961 1300 3028 Manum
1340 2962 1425 3026 da
1459 2966 1514 3026 et
1546 2982 1822 3045 sequere.
1852 2965 1883 3043 ΙΙ
1914 2963 2020 3028 Ah
2052 2964 2342 3030 minume.
2372 2967 2403 3045 ΙΙ
2434 2963 2601 3043 Quid
2634 2964 2776 3029 ita?

709 3087 762 3129 e.
807 3087 867 3149 q.
909 3086 959 3132 s.

711 3163 846 3229 Ubi
887 3162 1161 3230 Bacchis
1206 3165 1532 3245 meretrix,
1596 3186 1741 3228 cum
1785 3165 2169 3233 Pistoclerus
2217 3166 2589 3233 adulescens
2635 3167 2772 3230 eius

541 3266 985 3332 invitationem
1030 3277 1312 3351 respuat,
1359 3267 1423 3329 in
1460 3266 1761 3350 precibus
1799 3269 1927 3330 suis
1967 3279 2361 3352 perseverat,
2404 3278 2477 3333 ut
2516 3268 2774 3332 tandem

542 3367 964 3433 adulescentis
1012 3368 1262 3432 animus
1306 3366 1623 3433 flectatur.

540 3471 730 3535 Poen.
777 3469 859 3551 V,
902 3471 964 3551 6,
987 3469 1240 3535 29—34
1278 3471 1472 3555 (1366
1521 3475 1679 3555 sqq.)
1727 3470 1997 3554 Sequere
2038 3470 2225 3551 intre,
2269 3473 2505 3552 patrue
2546 3470 2656 3550 mi,
2705 3472 2776 3533 ut

692 3572 939 3653 festum
985 3572 1147 3638 diem
1186 3571 1552 3638 Habeamus
1589 3573 1794 3638 hilare
1831 3573 1993 3637 hunc
2037 3571 2229 3636 huius
2269 3569 2436 3634 malo
2473 3573 2529 3633 et
2559 3573 2773 3636 nostro

723 3783 768 3846 1)
804 3785 959 3834 Deest
996 3786 1076 3833 hic
1124 3800 1294 3835 vorsus
1349 3788 1402 3833 in
1441 3786 1582 3836 codd.
1622 3787 1660 3833 B
1690 3786 1726 3835 O
1753 3787 1822 3846 D;
1881 3787 1933 3832 in
1975 3785 2082 3833 cod.
2116 3784 2165 3834 A
2202 3786 2442 3834 nonnulla
2479 3787 2629 3835 verba
2666 3785 2770 3845 legi

540 3877 773 3932 possunt.
845 3872 942 3922 Sed
984 3873 1205 3935 Geppert
1241 3873 1423 3929 (Plaut.
1463 3872 1604 3922 stud.
1642 3874 1688 3920 ΙΙ
1724 3889 1776 3936 p.
1818 3875 1899 3931 77)
1938 3888 1967 3920 a
2007 3873 2284 3922 Bitschelio
2322 3873 2611 3937 discrepans
2651 3874 2773 3923 haec

541 3972 716 4008 eruere
753 3960 858 4006 sibi
897 3960 1039 4009 visus
1079 3966 1179 4009 est:
1221 3965 1273 4023 tq
1312 3994 1727 4009 .........
1766 3974 1965 4023 sequere
2003 3962 2096 4008 hac
2133 3975 2226 4008 me.

716 4044 762 4107 2)
802 4045 939 4103 Quae
988 4051 1130 4095 uncis
1185 4055 1303 4096 sunt
1347 4049 1543 4096 inclusa
1583 4049 1838 4109 supplevit
1876 4047 2071 4097 Ritsohl
2110 4048 2307 4109 Parerg.
2346 4063 2397 4111 p.
2436 4050 2556 4098 453.
2628 4046 2768 4097 Conf.

538 4133 727 4182 Lorenz
765 4146 807 4184 a.
847 4133 896 4180 h.
935 4133 969 4182 1.
