3116 4790
1425 382 1506 448 57

345 604 648 647 numerus
691 583 803 668 qui
845 592 941 647 est
968 584 1351 668 yraphicum
1375 585 1609 667 fwrem
1649 585 1739 665 (v.
1781 583 2010 666 1024):
2053 607 2178 669 quo
2225 604 2390 648 una
2434 605 2576 669 per-

347 704 506 747 sona
543 694 766 769 aperte
807 684 1205 770 designatur.
1271 686 1349 749 In
1385 687 1566 751 initio
1612 694 1829 749 autem
1872 707 2098 751 versus
2141 707 2285 750 cum
2323 684 2574 750 Kochio

346 784 761 850 scribendum
807 808 941 850 esse
986 796 1141 872 puto
1190 785 1555 866 Quorumne
1597 806 1805 851 unus:
1850 774 1931 851 de
1959 787 2080 852 hoc
2110 785 2470 872 particulae
2500 806 2576 850 ne

347 907 470 950 usu
507 885 657 952 vide
693 908 744 954 e.
785 908 845 970 g.
886 887 1138 954 Lorenz
1174 889 1258 953 ad
1295 890 1515 954 Most.2
1550 913 1612 956 v.
1648 889 1792 970 738,
1833 888 1997 952 Brix
2027 887 2110 952 ad
2138 887 2318 952 Trin.
2344 909 2406 954 v,
2431 887 2577 952 360.

520 1004 642 1070 Oui
684 1027 836 1071 vero
883 1005 1057 1071 nullo
1102 1015 1291 1090 pacto
1334 1005 1728 1072 indicativus
1772 1006 2030 1073 videtur
2074 1027 2260 1090 posse
2302 1004 2576 1087 defendi,

352 1107 408 1171 is
450 1105 555 1175 vel
590 1107 743 1192 ipsis
780 1107 1037 1173 traditis
1070 1106 1434 1172 litterarum
1471 1106 1772 1173 ductibus
1807 1107 2061 1172 facilius
2098 1108 2181 1172 ad
2219 1106 2575 1193 praesentis

348 1209 827 1275 coniunctivum
872 1210 1214 1293 surrupidt
1267 1209 1524 1274 ducitur
1568 1231 1763 1295 quam
1820 1209 1902 1273 ad
1951 1209 2150 1273 ullam
2197 1209 2390 1273 aliam
2432 1230 2578 1273 con-

353 1310 628 1376 iunctivi
666 1310 956 1377 formam.
1045 1312 1259 1398 Atque
1318 1312 1428 1396 qui
1484 1312 1832 1377 offenditur
1873 1333 2283 1376 numerorum
2326 1313 2575 1376 ratione

355 1433 522 1496 quae
580 1414 866 1479 cernitur
927 1412 991 1475 in
1050 1412 1256 1477 forma
1304 1413 1665 1497 sz'trrupiat,
1727 1415 1781 1477 is
1820 1413 2109 1479 conferat
2154 1412 2346 1479 velim
2390 1412 2575 1498 Capt.

353 1513 478 1579 292
524 1513 627 1579 Ne
665 1514 807 1599 ipse
841 1514 1068 1600 yenius
1109 1515 1485 1598 surrupiat:
1539 1514 1817 1598 proinde
1859 1515 2009 1581 aliis
2048 1519 2119 1580 ut
2160 1514 2376 1580 credat
2413 1515 2574 1583 vide.

499 1635 558 1701 3.
602 1633 796 1699 Truc.
842 1633 966 1698 349
1009 1632 1282 1718 vulgata
1329 1642 1424 1697 est
1467 1632 1685 1698 lectio:
1751 1631 1889 1719 Ego
1926 1634 2078 1697 isto-s·
2120 1640 2232 1717 qui
2272 1654 2437 1699 nunc
2480 1656 2577 1698 me

602 1736 860 1820 culpant
901 1733 1384 1816 confutaverim.

478 1926 483 1929 .
520 1854 982 1938 confutaverim
1047 1854 1207 1919 coni.
1274 1852 1717 1936 Camerarius3
1786 1852 2271 1935 confutaverunt
2333 1853 2578 1935 (confu-

348 1958 529 2024 taver'
577 1956 742 2038 OD)
782 1954 1023 2038 BOD3
1070 1954 1475 2038 confittavero
1516 1955 1733 2039 LZ2).

517 2075 594 2139 In
637 2074 874 2140 codicis
916 2075 972 2138 B
1015 2076 1342 2160 scriptura
1387 2074 1931 2158 (confutaverunt)
1975 2075 2176 2138 latere
2219 2071 2577 2155 confutave-

347 2179 473 2244 rim
530 2198 659 2242 non
719 2179 1029 2262 negarim,
1098 2177 1250 2242 licet
1306 2179 1515 2263 ipsum
1571 2176 1731 2242 illud
1774 2177 2185 2261 confutavero
2226 2174 2388 2240 bene
2431 2196 2575 2239 con-

351 2279 571 2344 veniat
625 2302 771 2345 cum
813 2278 1155 2344 Diniarchi
1210 2280 1322 2364 qui
1380 2278 1474 2344 ibi
1531 2279 1817 2365 loquitur
1873 2278 2090 2344 vivido
2122 2288 2215 2346 ‚et
2258 2278 2574 2341 concitato

353 2383 551 2446 animi
591 2391 786 2447 motu.
871 2381 996 2447 Sed
1050 2379 1295 2446 collatis
1339 2379 1866 2447 antecedentibus
1922 2378 2216 2445 versibus
2255 2378 2576 2444 fateamur

349 2494 599 2571 oportet
657 2486 865 2548 iocum
922 2483 1048 2547 illis
1109 2505 1484 2569 expressum
1544 2482 1733 2568 plane
1791 2505 1907 2568 per
1966 2504 2034 2546 se
2092 2490 2288 2564 stare,
2350 2482 2444 2544 ita
2505 2490 2578 2544 ut

349 2597 564 2652 noster
599 2608 822 2652 versus
859 2586 1044 2671 quasi
1081 2584 1489 2650 claudicante
1519 2585 1684 2671 pede
1720 2594 1921 2649 totam
1961 2582 2574 2668 comprehensionem

350 2699 679 2775 sequatur.
747 2687 882 2752 Nec
928 2696 1141 2751 tamen
1179 2686 1258 2751 de
1298 2687 1583 2750 eiciendo
1619 2708 1811 2751 versu
1846 2686 2261 2770 cogitandum
2306 2694 2421 2765 est,
2463 2684 2574 2748 sed

346 2796 512 2858 iusto
549 2813 664 2856 suo
698 2791 836 2855 loco
873 2789 1260 2854 reddendus.
1323 2788 1420 2852 Ac
1457 2787 1771 2853 Goeller
1800 2790 1892 2867 (in
1915 2788 2012 2853 ed.
2039 2787 2256 2852 Colon.
2291 2809 2350 2854 a.
2386 2788 2576 2867 1824)

345 2916 618 2978 eumque
669 2900 928 2958 secutus
969 2891 1174 2956 Brix
1218 2890 1328 2972 (ad
1372 2891 1552 2955 Trin.
1599 2913 1660 2954 v.
1710 2890 1858 2971 723)
1891 2926 1964 2938 —
2006 2890 2442 2975 suspicione
2486 2891 2577 2954 de

347 2996 856 3082 grammatica
901 2994 1203 3058 ratione
1246 2993 1729 3058 coniunctivi
1773 2992 2329 3075 confutaverim
2372 3013 2579 3077 pror-

347 3118 476 3162 sus
515 3094 730 3161 nulla
768 3094 1037 3158 habita
1070 3132 1152 3145 —
1180 3097 1636 3158 conturbatum
1673 3094 1959 3158 ordinem
1996 3096 2087 3158 sic
2124 3096 2575 3159 restituerunt:

531 3231 762 3298 Verum
803 3252 968 3296 nunc
1006 3237 1073 3296 si
1114 3251 1244 3316 qua
1284 3237 1372 3295 mi
1416 3231 1695 3317 obtiyerit
1735 3230 2050 3295 hereditas

523 3332 769 3419 Maqna
814 3337 1000 3416 atque
1043 3332 1376 3414 luculenta,
1419 3353 1584 3397 nunc
1620 3337 1962 3416 postquam
2006 3333 2133 3396 scio

521 3434 730 3501 Dulce
772 3440 957 3519 atque
1001 3454 1296 3500 amarum
1339 3434 1493 3519 quid
1533 3436 1617 3499 sit
1663 3454 1741 3498 ex
1770 3435 2085 3517 pecunia:

521 3537 656 3624 1sp0
697 3539 853 3601 istos
896 3538 1005 3619 qui
1047 3557 1210 3601 nunc
1253 3558 1350 3601 me
1389 3538 1649 3621 culpant
1690 3537 2330 3619 confutaverim:

521 3639 625 3706 Ita
671 3660 777 3726 eqo
823 3640 1038 3723 edepol
1078 3659 1322 3705 servem
1364 3640 1545 3705 illam
1588 3641 1803 3723 itaque
1836 3659 2037 3722 parce
2076 3637 2368 3717 victitem,

532 3739 613 3806 Ut
638 3780 718 3791 —
743 3740 922 3806 nulla
942 3739 1173 3823 faxim
1215 3741 1306 3805 cis
1349 3740 1481 3805 dies
1513 3759 1762 3824 paucos
1804 3742 1935 3803 siet.

529 3986 574 4045 1)
615 3986 830 4038 Schoell.
873 3986 991 4036 edit.
1030 3987 1187 4047 praef.
1228 4000 1275 4047 p.
1313 3986 1440 4036 XV:
1480 3988 1584 4034 LZ
1620 3990 1703 4036 vel
1728 3989 1829 4035 FZ
1865 3984 2241 4033 ‘Italorum’
2281 3984 2446 4032 brevis
2471 3984 2575 4043 siq-

348 4076 581 4138 nificatio
620 4079 690 4121 est
729 4106 740 4118 .
780 4110 790 4122 .
832 4107 846 4123 .
887 4110 897 4123 .
937 4074 1044 4132 Qui
1091 4078 1150 4120 ut
1185 4076 1352 4121 multa
1401 4078 1591 4135 eyreyie
1628 4074 1986 4130 emendarunt,
2045 4075 2123 4119 ita
2160 4087 2223 4121 ne
2263 4074 2323 4119 in
2358 4072 2428 4119 eis
2465 4072 2579 4135 qui-

304 4235 311 4236 ?
350 4160 481 4222 dem,
519 4176 648 4228 quae
681 4174 878 4228 parum
914 4164 1045 4211 recte
1082 4165 1378 4219 mutarunt,
1412 4176 1624 4227 pror-sus
1658 4162 2025 4226 praetereundi
2062 4167 2195 4213 sunt.
