<?xml version="1.0" encoding="UTF-8"?>
<!DOCTYPE html PUBLIC "-//W3C//DTD XHTML 1.0 Transitional//EN"
    "http://www.w3.org/TR/xhtml1/DTD/xhtml1-transitional.dtd">
<html xmlns="http://www.w3.org/1999/xhtml" xml:lang="en" lang="en">
 <head>
  <title>
</title>
<meta http-equiv="Content-Type" content="text/html;charset=utf-8" />
  <meta name='ocr-system' content='tesseract 3.04.00' />
  <meta name='ocr-capabilities' content='ocr_page ocr_carea ocr_par ocr_line ocrx_word'/>
</head>
<body>
  <div class='ocr_page' id='page_1' title='image "./deperfecticonju00cramgoog_0033.png"; bbox 0 0 3116 4790; ppageno 0'>
   <div class='ocr_carea' id='block_1_1' title="bbox 1426 394 1511 460">
    <p class='ocr_par' dir='ltr' id='par_1_1' title="bbox 1426 394 1511 460">
     <span class='ocr_line' id='line_1_1' title="bbox 1426 394 1511 460; baseline 0.012 -1"><span class='ocrx_word' id='word_1_1' title='bbox 1426 394 1511 460; x_wconf 82' lang='lat'><strong>25</strong></span> 
     </span>
    </p>
   </div>
   <div class='ocr_carea' id='block_1_2' title="bbox 1267 486 1671 496">
    <p class='ocr_par' dir='ltr' id='par_1_2' title="bbox 1267 486 1671 496">
     <span class='ocr_line' id='line_1_2' title="bbox 1267 486 1671 496; baseline 0 4294"><span class='ocrx_word' id='word_1_2' title='bbox 1267 486 1671 496; x_wconf 95' lang='lat' dir='ltr'><strong> </strong></span> 
     </span>
    </p>
   </div>
   <div class='ocr_carea' id='block_1_3' title="bbox 347 594 2574 3845">
    <p class='ocr_par' dir='ltr' id='par_1_3' title="bbox 360 594 2574 889">
     <span class='ocr_line' id='line_1_3' title="bbox 362 594 2574 684; baseline 0.004 -26"><span class='ocrx_word' id='word_1_3' title='bbox 362 619 425 682; x_wconf 90' lang='lat' dir='ltr'><strong>p.</strong></span> <span class='ocrx_word' id='word_1_4' title='bbox 469 594 595 660; x_wconf 82' lang='lat'><strong>292</strong></span> <span class='ocrx_word' id='word_1_5' title='bbox 637 599 694 675; x_wconf 67' lang='grc' dir='ltr'><strong>ξ.</strong></span> <span class='ocrx_word' id='word_1_6' title='bbox 741 598 889 678; x_wconf 92' lang='grc'>141)</span> <span class='ocrx_word' id='word_1_7' title='bbox 936 620 1235 684; x_wconf 89' lang='lat' dir='ltr'><strong>perverse</strong></span> <span class='ocrx_word' id='word_1_8' title='bbox 1276 601 1366 666; x_wconf 92' lang='lat' dir='ltr'><strong>sic</strong></span> <span class='ocrx_word' id='word_1_9' title='bbox 1406 608 1679 664; x_wconf 84' lang='lat' dir='ltr'><strong>statuat:</strong></span> <span class='ocrx_word' id='word_1_10' title='bbox 1758 598 1888 665; x_wconf 85' lang='lat' dir='ltr'><strong>Die</strong></span> <span class='ocrx_word' id='word_1_11' title='bbox 1931 604 2130 665; x_wconf 78' lang='lat' dir='ltr'><strong>ersten</strong></span> <span class='ocrx_word' id='word_1_12' title='bbox 2173 600 2421 684; x_wconf 78' lang='lat' dir='ltr'><strong>Spuren</strong></span> <span class='ocrx_word' id='word_1_13' title='bbox 2466 600 2574 667; x_wconf 83' lang='lat' dir='ltr'><strong>da-</strong></span> 
     </span>
     <span class='ocr_line' id='line_1_4' title="bbox 360 697 2574 788; baseline 0.003 -26"><span class='ocrx_word' id='word_1_14' title='bbox 360 719 487 762; x_wconf 82' lang='lat' dir='ltr'><strong>ven</strong></span> <span class='ocrx_word' id='word_1_15' title='bbox 514 698 735 782; x_wconf 78' lang='lat' dir='ltr'><strong>finden</strong></span> <span class='ocrx_word' id='word_1_16' title='bbox 779 698 913 764; x_wconf 79' lang='lat' dir='ltr'><strong>sich</strong></span> <span class='ocrx_word' id='word_1_17' title='bbox 957 699 1050 764; x_wconf 81' lang='lat' dir='ltr'><strong>bei</strong></span> <span class='ocrx_word' id='word_1_18' title='bbox 1095 697 1356 784; x_wconf 73' lang='lat' dir='ltr'><strong>Terem,</strong></span> <span class='ocrx_word' id='word_1_19' title='bbox 1420 723 1548 768; x_wconf 92' lang='lat' dir='ltr'><strong>non</strong></span> <span class='ocrx_word' id='word_1_20' title='bbox 1591 701 1674 767; x_wconf 86' lang='lat' dir='ltr'><strong>ab</strong></span> <span class='ocrx_word' id='word_1_21' title='bbox 1714 724 1784 767; x_wconf 90' lang='lat' dir='ltr'><strong>re</strong></span> <span class='ocrx_word' id='word_1_22' title='bbox 1838 702 2002 768; x_wconf 89' lang='lat' dir='ltr'><strong>duco</strong></span> <span class='ocrx_word' id='word_1_23' title='bbox 2060 723 2268 788; x_wconf 85' lang='lat' dir='ltr'><strong>pauca</strong></span> <span class='ocrx_word' id='word_1_24' title='bbox 2324 702 2574 768; x_wconf 88' lang='lat' dir='ltr'><strong>Plau·</strong></span> 
     </span>
     <span class='ocr_line' id='line_1_5' title="bbox 362 801 1366 889; baseline 0.003 -24"><span class='ocrx_word' id='word_1_25' title='bbox 362 801 541 865; x_wconf 88' lang='lat' dir='ltr'><strong>tina</strong></span> <span class='ocrx_word' id='word_1_26' title='bbox 582 801 877 887; x_wconf 86' lang='lat' dir='ltr'><strong>exempla</strong></span> <span class='ocrx_word' id='word_1_27' title='bbox 919 801 1025 867; x_wconf 86' lang='lat' dir='ltr'><strong>hic</strong></span> <span class='ocrx_word' id='word_1_28' title='bbox 1067 803 1366 889; x_wconf 90' lang='lat' dir='ltr'><strong>proferre.</strong></span> 
     </span>
    </p>

    <p class='ocr_par' dir='ltr' id='par_1_4' title="bbox 347 902 2574 1274">
     <span class='ocr_line' id='line_1_6' title="bbox 534 902 2574 992; baseline 0.002 -26"><span class='ocrx_word' id='word_1_29' title='bbox 534 902 860 989; x_wconf 84' lang='lat' dir='ltr'><strong>Incipiunt</strong></span> <span class='ocrx_word' id='word_1_30' title='bbox 889 913 1103 968; x_wconf 87' lang='lat' dir='ltr'><strong>autem</strong></span> <span class='ocrx_word' id='word_1_31' title='bbox 1132 905 1299 970; x_wconf 90' lang='lat' dir='ltr'><strong>illius</strong></span> <span class='ocrx_word' id='word_1_32' title='bbox 1330 906 1503 971; x_wconf 87' lang='lat' dir='ltr'><strong>modi</strong></span> <span class='ocrx_word' id='word_1_33' title='bbox 1530 906 1864 971; x_wconf 87' lang='lat' dir='ltr'><strong>enuntiata</strong></span> <span class='ocrx_word' id='word_1_34' title='bbox 1889 906 2272 971; x_wconf 88' lang='lat' dir='ltr'><strong>secundaria</strong></span> <span class='ocrx_word' id='word_1_35' title='bbox 2303 907 2574 992; x_wconf 89' lang='lat' dir='ltr'><strong>plerum·</strong></span> 
     </span>
     <span class='ocr_line' id='line_1_7' title="bbox 358 1004 2574 1094; baseline 0.002 -26"><span class='ocrx_word' id='word_1_36' title='bbox 358 1026 485 1090; x_wconf 87' lang='lat' dir='ltr'><strong>que</strong></span> <span class='ocrx_word' id='word_1_37' title='bbox 526 1026 566 1068; x_wconf 87' lang='lat' dir='ltr'><strong>a</strong></span> <span class='ocrx_word' id='word_1_38' title='bbox 602 1004 929 1091; x_wconf 82' lang='lat' dir='ltr'><strong>particulis</strong></span> <span class='ocrx_word' id='word_1_39' title='bbox 965 1008 1505 1074; x_wconf 82' lang='lat' dir='ltr'><strong>condicionalibus</strong></span> <span class='ocrx_word' id='word_1_40' title='bbox 1534 1020 1597 1073; x_wconf 91' lang='lat' dir='ltr'><strong>et</strong></span> <span class='ocrx_word' id='word_1_41' title='bbox 1629 1006 2084 1094; x_wconf 84' lang='lat' dir='ltr'><strong>temporalibus</strong></span> <span class='ocrx_word' id='word_1_42' title='bbox 2114 1007 2217 1091; x_wconf 81' lang='lat' dir='ltr'><strong>(si,</strong></span> <span class='ocrx_word' id='word_1_43' title='bbox 2251 1009 2377 1092; x_wconf 85' lang='lat' dir='ltr'><strong>ubi,</strong></span> <span class='ocrx_word' id='word_1_44' title='bbox 2413 1030 2574 1090; x_wconf 87' lang='lat' dir='ltr'><strong>cum,</strong></span> 
     </span>
     <span class='ocr_line' id='line_1_8' title="bbox 347 1105 2571 1197; baseline 0.001 -25"><span class='ocrx_word' id='word_1_45' title='bbox 347 1105 735 1191; x_wconf 75' lang='lat' dir='ltr'><strong>priusquam</strong></span> <span class='ocrx_word' id='word_1_46' title='bbox 776 1107 1013 1193; x_wconf 71' lang='lat' dir='ltr'><strong>simil),</strong></span> <span class='ocrx_word' id='word_1_47' title='bbox 1054 1111 1264 1175; x_wconf 80' lang='lat' dir='ltr'><strong>rarius</strong></span> <span class='ocrx_word' id='word_1_48' title='bbox 1309 1132 1349 1174; x_wconf 88' lang='lat' dir='ltr'><strong>a</strong></span> <span class='ocrx_word' id='word_1_49' title='bbox 1393 1110 1721 1197; x_wconf 82' lang='lat' dir='ltr'><strong>particulis</strong></span> <span class='ocrx_word' id='word_1_50' title='bbox 1763 1115 1833 1175; x_wconf 77' lang='lat' dir='ltr'><strong>ut</strong></span> <span class='ocrx_word' id='word_1_51' title='bbox 1875 1119 1937 1176; x_wconf 90' lang='lat' dir='ltr'><strong>et</strong></span> <span class='ocrx_word' id='word_1_52' title='bbox 1980 1131 2072 1181; x_wconf 79' lang='lat' dir='ltr'><strong>ue.</strong></span> <span class='ocrx_word' id='word_1_53' title='bbox 2160 1116 2249 1177; x_wconf 89' lang='lat' dir='ltr'><strong>Ac</strong></span> <span class='ocrx_word' id='word_1_54' title='bbox 2291 1111 2571 1197; x_wconf 86' lang='lat' dir='ltr'><strong>pendent</strong></span> 
     </span>
     <span class='ocr_line' id='line_1_9' title="bbox 359 1208 814 1274; baseline -0.002 -1"><span class='ocrx_word' id='word_1_55' title='bbox 359 1231 439 1273; x_wconf 84' lang='lat' dir='ltr'><strong>ea</strong></span> <span class='ocrx_word' id='word_1_56' title='bbox 481 1208 814 1274; x_wconf 88' lang='lat' dir='ltr'><strong>enuntiata</strong></span> 
     </span>
    </p>

    <p class='ocr_par' dir='ltr' id='par_1_5' title="bbox 554 1310 2571 1499">
     <span class='ocr_line' id='line_1_10' title="bbox 554 1310 2571 1401; baseline 0.002 -27"><span class='ocrx_word' id='word_1_57' title='bbox 554 1332 611 1374; x_wconf 88' lang='lat' dir='ltr'><strong>a.</strong></span> <span class='ocrx_word' id='word_1_58' title='bbox 655 1333 737 1374; x_wconf 83' lang='lat' dir='ltr'><strong>ex</strong></span> <span class='ocrx_word' id='word_1_59' title='bbox 793 1310 1225 1379; x_wconf 87' lang='lat' dir='ltr'><strong>infinitivo</strong></span> <span class='ocrx_word' id='word_1_60' title='bbox 1285 1314 1687 1401; x_wconf 88' lang='lat' dir='ltr'><strong>(plerumque</strong></span> <span class='ocrx_word' id='word_1_61' title='bbox 1735 1314 1966 1397; x_wconf 86' lang='lat' dir='ltr'><strong>futuri)</strong></span> <span class='ocrx_word' id='word_1_62' title='bbox 2024 1337 2171 1380; x_wconf 92' lang='lat' dir='ltr'><strong>cum</strong></span> <span class='ocrx_word' id='word_1_63' title='bbox 2234 1335 2571 1381; x_wconf 79' lang='lat' dir='ltr'><strong>accusa-</strong></span> 
     </span>
     <span class='ocr_line' id='line_1_11' title="bbox 655 1413 1187 1499; baseline 0.006 -23"><span class='ocrx_word' id='word_1_64' title='bbox 655 1413 827 1478; x_wconf 88' lang='lat' dir='ltr'><strong>tivo</strong></span> <span class='ocrx_word' id='word_1_65' title='bbox 870 1414 1187 1499; x_wconf 86' lang='lat' dir='ltr'><strong>copulato,</strong></span> 
     </span>
    </p>

    <p class='ocr_par' dir='ltr' id='par_1_6' title="bbox 550 1512 2574 1704">
     <span class='ocr_line' id='line_1_12' title="bbox 550 1512 2574 1602; baseline 0.001 -23"><span class='ocrx_word' id='word_1_66' title='bbox 550 1512 611 1580; x_wconf 89' lang='lat' dir='ltr'><strong>b.</strong></span> <span class='ocrx_word' id='word_1_67' title='bbox 655 1537 738 1579; x_wconf 86' lang='lat' dir='ltr'><strong>ex</strong></span> <span class='ocrx_word' id='word_1_68' title='bbox 793 1516 1146 1602; x_wconf 87' lang='lat' dir='ltr'><strong>simplici</strong></span> <span class='ocrx_word' id='word_1_69' title='bbox 1199 1517 1631 1583; x_wconf 84' lang='lat' dir='ltr'><strong>infinitivo</strong></span> <span class='ocrx_word' id='word_1_70' title='bbox 1695 1518 1788 1602; x_wconf 87' lang='lat' dir='ltr'><strong>(in</strong></span> <span class='ocrx_word' id='word_1_71' title='bbox 1854 1539 2050 1582; x_wconf 90' lang='lat' dir='ltr'><strong>unum</strong></span> <span class='ocrx_word' id='word_1_72' title='bbox 2106 1517 2301 1583; x_wconf 82' lang='lat' dir='ltr'><strong>incidi</strong></span> <span class='ocrx_word' id='word_1_73' title='bbox 2365 1540 2574 1583; x_wconf 86' lang='lat' dir='ltr'><strong>exem-</strong></span> 
     </span>
     <span class='ocr_line' id='line_1_13' title="bbox 651 1618 879 1704; baseline -0.018 0"><span class='ocrx_word' id='word_1_74' title='bbox 651 1618 879 1704; x_wconf 63' lang='lat' dir='ltr'><strong>plum),</strong></span> 
     </span>
    </p>

    <p class='ocr_par' dir='ltr' id='par_1_7' title="bbox 553 1719 2571 2010">
     <span class='ocr_line' id='line_1_14' title="bbox 553 1719 2569 1807; baseline 0.001 -22"><span class='ocrx_word' id='word_1_75' title='bbox 553 1742 605 1789; x_wconf 92' lang='lat' dir='ltr'><strong>c.</strong></span> <span class='ocrx_word' id='word_1_76' title='bbox 650 1719 733 1785; x_wconf 71' lang='lat' dir='ltr'><strong>e&#39;x</strong></span> <span class='ocrx_word' id='word_1_77' title='bbox 776 1720 1313 1786; x_wconf 83' lang='lat' dir='ltr'><strong>coniunctivo</strong></span> <span class='ocrx_word' id='word_1_78' title='bbox 1358 1720 1719 1787; x_wconf 87' lang='lat' dir='ltr'><strong>relativo</strong></span> <span class='ocrx_word' id='word_1_79' title='bbox 1762 1722 1802 1785; x_wconf 94' lang='lat' dir='ltr'><strong>i.</strong></span> <span class='ocrx_word' id='word_1_80' title='bbox 1843 1743 1893 1785; x_wconf 91' lang='lat' dir='ltr'><strong>e.</strong></span> <span class='ocrx_word' id='word_1_81' title='bbox 1929 1742 2056 1785; x_wconf 91' lang='lat' dir='ltr'><strong>non</strong></span> <span class='ocrx_word' id='word_1_82' title='bbox 2090 1744 2205 1807; x_wconf 90' lang='lat' dir='ltr'><strong>per</strong></span> <span class='ocrx_word' id='word_1_83' title='bbox 2238 1735 2303 1786; x_wconf 88' lang='lat' dir='ltr'><strong>se</strong></span> <span class='ocrx_word' id='word_1_84' title='bbox 2339 1732 2569 1805; x_wconf 87' lang='lat' dir='ltr'><strong>stante,</strong></span> 
     </span>
     <span class='ocr_line' id='line_1_15' title="bbox 650 1822 2571 1911; baseline 0.001 -26"><span class='ocrx_word' id='word_1_85' title='bbox 650 1822 762 1887; x_wconf 87' lang='lat' dir='ltr'><strong>sed</strong></span> <span class='ocrx_word' id='word_1_86' title='bbox 806 1823 1025 1887; x_wconf 88' lang='lat' dir='ltr'><strong>effecto</strong></span> <span class='ocrx_word' id='word_1_87' title='bbox 1067 1845 1181 1909; x_wconf 88' lang='lat' dir='ltr'><strong>per</strong></span> <span class='ocrx_word' id='word_1_88' title='bbox 1224 1823 1577 1910; x_wconf 86' lang='lat' dir='ltr'><strong>particulas</strong></span> <span class='ocrx_word' id='word_1_89' title='bbox 1621 1823 1724 1889; x_wconf 84' lang='lat' dir='ltr'><strong>vel</strong></span> <span class='ocrx_word' id='word_1_90' title='bbox 1763 1823 2264 1908; x_wconf 84' lang='lat' dir='ltr'><strong>interrogatione</strong></span> <span class='ocrx_word' id='word_1_91' title='bbox 2308 1823 2571 1911; x_wconf 92' lang='lat' dir='ltr'><strong>obliqua</strong></span> 
     </span>
     <span class='ocr_line' id='line_1_16' title="bbox 648 1912 1760 2010; baseline 0.004 -20"><span class='ocrx_word' id='word_1_92' title='bbox 648 1924 752 1990; x_wconf 83' lang='lat' dir='ltr'><strong>vel</strong></span> <span class='ocrx_word' id='word_1_93' title='bbox 794 1923 924 1988; x_wconf 87' lang='lat' dir='ltr'><strong>alia</strong></span> <span class='ocrx_word' id='word_1_94' title='bbox 964 1912 1274 1990; x_wconf 78' lang='lat' dir='ltr'><strong>orationis</strong></span> <span class='ocrx_word' id='word_1_95' title='bbox 1309 1924 1760 2010; x_wconf 90' lang='lat' dir='ltr'><strong>implicatione.</strong></span> 
     </span>
    </p>

    <p class='ocr_par' dir='ltr' id='par_1_8' title="bbox 409 2025 2572 2927">
     <span class='ocr_line' id='line_1_17' title="bbox 418 2025 2572 2112; baseline 0.001 -21"><span class='ocrx_word' id='word_1_96' title='bbox 418 2049 474 2093; x_wconf 86' lang='lat' dir='ltr'><strong>a.</strong></span> <span class='ocrx_word' id='word_1_97' title='bbox 518 2025 728 2092; x_wconf 86' lang='lat' dir='ltr'><strong>Plaut.</strong></span> <span class='ocrx_word' id='word_1_98' title='bbox 771 2026 947 2090; x_wconf 84' lang='lat' dir='ltr'><strong>Trin.</strong></span> <span class='ocrx_word' id='word_1_99' title='bbox 1009 2026 1137 2091; x_wconf 78' lang='lat'><strong>695</strong></span> <span class='ocrx_word' id='word_1_100' title='bbox 1194 2030 1251 2091; x_wconf 77' lang='lat' dir='ltr'><strong>te</strong></span> <span class='ocrx_word' id='word_1_101' title='bbox 1309 2026 1670 2093; x_wconf 81' lang='lat' dir='ltr'><strong>dictatorem</strong></span> <span class='ocrx_word' id='word_1_102' title='bbox 1728 2048 1938 2093; x_wconf 80' lang='lat' dir='ltr'><strong>censes</strong></span> <span class='ocrx_word' id='word_1_103' title='bbox 1975 2028 2155 2110; x_wconf 88' lang='lat' dir='ltr'><strong>fore,</strong></span> <span class='ocrx_word' id='word_1_104' title='bbox 2219 2028 2277 2091; x_wconf 80' lang='lat' dir='ltr'><strong>si</strong></span> <span class='ocrx_word' id='word_1_105' title='bbox 2335 2048 2455 2112; x_wconf 80' lang='lat' dir='ltr'><strong>aps</strong></span> <span class='ocrx_word' id='word_1_106' title='bbox 2514 2032 2572 2093; x_wconf 81' lang='lat' dir='ltr'><strong>te</strong></span> 
     </span>
     <span class='ocr_line' id='line_1_18' title="bbox 526 2128 2155 2214; baseline -0.001 -20"><span class='ocrx_word' id='word_1_107' title='bbox 526 2129 871 2214; x_wconf 75' lang='lat' dir='ltr'><strong>acceperim</strong></span> <span class='ocrx_word' id='word_1_108' title='bbox 914 2128 1214 2214; x_wconf 83' lang='lat' dir='ltr'><strong>[agrumJ.</strong></span> <span class='ocrx_word' id='word_1_109' title='bbox 2151 2130 2155 2135; x_wconf 81' lang='grc'><strong>’</strong></span> 
     </span>
     <span class='ocr_line' id='line_1_19' title="bbox 796 2228 2571 2317; baseline 0.002 -23"><span class='ocrx_word' id='word_1_110' title='bbox 796 2230 985 2317; x_wconf 88' lang='lat' dir='ltr'><strong>Epid.</strong></span> <span class='ocrx_word' id='word_1_111' title='bbox 1043 2228 1126 2295; x_wconf 83' lang='lat'><strong>70</strong></span> <span class='ocrx_word' id='word_1_112' title='bbox 1186 2228 1353 2309; x_wconf 79' lang='lat' dir='ltr'><strong>Quia</strong></span> <span class='ocrx_word' id='word_1_113' title='bbox 1400 2234 1653 2315; x_wconf 79' lang='lat' dir='ltr'><strong>patrem</strong></span> <span class='ocrx_word' id='word_1_114' title='bbox 1700 2232 1892 2314; x_wconf 79' lang='lat' dir='ltr'><strong>prius</strong></span> <span class='ocrx_word' id='word_1_115' title='bbox 1946 2237 2273 2297; x_wconf 74' lang='lat' dir='ltr'><strong>convenire</strong></span> <span class='ocrx_word' id='word_1_116' title='bbox 2332 2253 2399 2296; x_wconf 83' lang='lat' dir='ltr'><strong>se</strong></span> <span class='ocrx_word' id='word_1_117' title='bbox 2452 2253 2571 2297; x_wconf 75' lang='lat' dir='ltr'><strong>non</strong></span> 
     </span>
     <span class='ocr_line' id='line_1_20' title="bbox 529 2330 2437 2418; baseline 0.002 -19"><span class='ocrx_word' id='word_1_118' title='bbox 529 2334 674 2417; x_wconf 84' lang='lat' dir='ltr'><strong>volt,</strong></span> <span class='ocrx_word' id='word_1_119' title='bbox 711 2384 726 2401; x_wconf 96' lang='lat'><strong>.</strong></span> <span class='ocrx_word' id='word_1_120' title='bbox 765 2382 779 2398; x_wconf 95' lang='lat'><strong>.</strong></span> <span class='ocrx_word' id='word_1_121' title='bbox 822 2384 838 2401; x_wconf 95' lang='lat'><strong>.</strong></span> <span class='ocrx_word' id='word_1_122' title='bbox 884 2330 1089 2412; x_wconf 75' lang='lat' dir='ltr'><strong>Quam</strong></span> <span class='ocrx_word' id='word_1_123' title='bbox 1131 2330 1198 2398; x_wconf 82' lang='lat' dir='ltr'><strong>id</strong></span> <span class='ocrx_word' id='word_1_124' title='bbox 1240 2337 1563 2418; x_wconf 74' lang='lat' dir='ltr'><strong>arqentum</strong></span> <span class='ocrx_word' id='word_1_125' title='bbox 1607 2385 1621 2400; x_wconf 92' lang='lat'><strong>.</strong></span> <span class='ocrx_word' id='word_1_126' title='bbox 1665 2382 1681 2398; x_wconf 94' lang='lat'><strong>.</strong></span> <span class='ocrx_word' id='word_1_127' title='bbox 1726 2383 1742 2399; x_wconf 90' lang='lat'><strong>.</strong></span> <span class='ocrx_word' id='word_1_128' title='bbox 1788 2333 2437 2403; x_wconf 75' lang='lat' dir='ltr'><strong>dinumeraverit.</strong></span> 
     </span>
     <span class='ocr_line' id='line_1_21' title="bbox 791 2435 2572 2520; baseline 0.002 -20"><span class='ocrx_word' id='word_1_129' title='bbox 791 2435 1028 2501; x_wconf 86' lang='lat' dir='ltr'><strong>Bacch.</strong></span> <span class='ocrx_word' id='word_1_130' title='bbox 1078 2436 1199 2502; x_wconf 84' lang='lat'><strong>173</strong></span> <span class='ocrx_word' id='word_1_131' title='bbox 1226 2456 1574 2520; x_wconf 81' lang='lat' dir='ltr'><strong>veneroque</strong></span> <span class='ocrx_word' id='word_1_132' title='bbox 1608 2441 1685 2519; x_wconf 82' lang='lat' dir='ltr'><strong>te,</strong></span> <span class='ocrx_word' id='word_1_133' title='bbox 1727 2435 1825 2500; x_wconf 90' lang='lat' dir='ltr'><strong>Ne</strong></span> <span class='ocrx_word' id='word_1_134' title='bbox 1860 2435 2233 2502; x_wconf 79' lang='lat' dir='ltr'><strong>Nicobulum</strong></span> <span class='ocrx_word' id='word_1_135' title='bbox 2265 2458 2359 2501; x_wconf 82' lang='lat' dir='ltr'><strong>me</strong></span> <span class='ocrx_word' id='word_1_136' title='bbox 2393 2439 2572 2503; x_wconf 75' lang='lat' dir='ltr'><strong>sinas</strong></span> 
     </span>
     <span class='ocr_line' id='line_1_22' title="bbox 526 2537 2570 2623; baseline 0.001 -21"><span class='ocrx_word' id='word_1_137' title='bbox 526 2543 807 2604; x_wconf 70' lang='lat' dir='ltr'><strong>nostrum</strong></span> <span class='ocrx_word' id='word_1_138' title='bbox 838 2559 1044 2603; x_wconf 79' lang='lat' dir='ltr'><strong>senem</strong></span> <span class='ocrx_word' id='word_1_139' title='bbox 1082 2537 1283 2603; x_wconf 83' lang='lat' dir='ltr'><strong>Prius</strong></span> <span class='ocrx_word' id='word_1_140' title='bbox 1312 2541 1661 2622; x_wconf 78' lang='lat' dir='ltr'><strong>convenire,</strong></span> <span class='ocrx_word' id='word_1_141' title='bbox 1706 2559 1894 2623; x_wconf 82' lang='lat' dir='ltr'><strong>quam</strong></span> <span class='ocrx_word' id='word_1_142' title='bbox 1929 2538 2203 2604; x_wconf 80' lang='lat' dir='ltr'><strong>sodalem</strong></span> <span class='ocrx_word' id='word_1_143' title='bbox 2235 2539 2570 2605; x_wconf 81' lang='lat' dir='ltr'><strong>viderim.</strong></span> 
     </span>
     <span class='ocr_line' id='line_1_23' title="bbox 409 2639 2572 2725; baseline 0.002 -20"><span class='ocrx_word' id='word_1_144' title='bbox 409 2640 477 2706; x_wconf 92' lang='lat' dir='ltr'><strong>b.</strong></span> <span class='ocrx_word' id='word_1_145' title='bbox 522 2639 731 2710; x_wconf 86' lang='lat' dir='ltr'><strong>Plaut.</strong></span> <span class='ocrx_word' id='word_1_146' title='bbox 773 2639 908 2704; x_wconf 91' lang='lat' dir='ltr'><strong>Mil.</strong></span> <span class='ocrx_word' id='word_1_147' title='bbox 958 2641 1120 2705; x_wconf 85' lang='lat'>1096</span> <span class='ocrx_word' id='word_1_148' title='bbox 1164 2660 1314 2705; x_wconf 79' lang='lat' dir='ltr'><strong>uam</strong></span> <span class='ocrx_word' id='word_1_149' title='bbox 1369 2641 1540 2704; x_wconf 77' lang='lat' dir='ltr'><strong>nullo</strong></span> <span class='ocrx_word' id='word_1_150' title='bbox 1573 2645 1765 2725; x_wconf 75' lang='lat' dir='ltr'><strong>pacto</strong></span> <span class='ocrx_word' id='word_1_151' title='bbox 1807 2644 2013 2725; x_wconf 79' lang='lat' dir='ltr'><strong>potest</strong></span> <span class='ocrx_word' id='word_1_152' title='bbox 2067 2639 2266 2707; x_wconf 80' lang='lat' dir='ltr'><strong>Prius</strong></span> <span class='ocrx_word' id='word_1_153' title='bbox 2314 2644 2465 2709; x_wconf 85' lang='lat' dir='ltr'><strong>haec</strong></span> <span class='ocrx_word' id='word_1_154' title='bbox 2504 2646 2572 2709; x_wconf 78' lang='lat' dir='ltr'><strong>in</strong></span> 
     </span>
     <span class='ocr_line' id='line_1_24' title="bbox 524 2741 1883 2827; baseline 0.001 -19"><span class='ocrx_word' id='word_1_155' title='bbox 524 2742 706 2808; x_wconf 82' lang='lat' dir='ltr'><strong>aedes</strong></span> <span class='ocrx_word' id='word_1_156' title='bbox 748 2741 968 2827; x_wconf 78' lang='lat' dir='ltr'><strong>recipi,</strong></span> <span class='ocrx_word' id='word_1_157' title='bbox 1009 2761 1198 2824; x_wconf 81' lang='lat' dir='ltr'><strong>quam</strong></span> <span class='ocrx_word' id='word_1_158' title='bbox 1236 2743 1411 2806; x_wconf 82' lang='lat' dir='ltr'><strong>illam</strong></span> <span class='ocrx_word' id='word_1_159' title='bbox 1455 2743 1883 2809; x_wconf 81' lang='lat' dir='ltr'><strong>amiserim.</strong></span> 
     </span>
     <span class='ocr_line' id='line_1_25' title="bbox 413 2843 2571 2927; baseline -0 -18"><span class='ocrx_word' id='word_1_160' title='bbox 413 2869 469 2911; x_wconf 91' lang='lat' dir='ltr'><strong>c.</strong></span> <span class='ocrx_word' id='word_1_161' title='bbox 512 2844 726 2909; x_wconf 82' lang='lat' dir='ltr'><strong>Plaut.</strong></span> <span class='ocrx_word' id='word_1_162' title='bbox 769 2845 935 2911; x_wconf 88' lang='lat' dir='ltr'><strong>Men.</strong></span> <span class='ocrx_word' id='word_1_163' title='bbox 986 2845 1150 2909; x_wconf 76' lang='lat'>1044</span> <span class='ocrx_word' id='word_1_164' title='bbox 1196 2843 1421 2925; x_wconf 84' lang='lat' dir='ltr'><strong>dicam,</strong></span> <span class='ocrx_word' id='word_1_165' title='bbox 1463 2847 1533 2908; x_wconf 81' lang='lat' dir='ltr'><strong>ut</strong></span> <span class='ocrx_word' id='word_1_166' title='bbox 1576 2864 1618 2909; x_wconf 85' lang='lat' dir='ltr'><em>a</em></span> <span class='ocrx_word' id='word_1_167' title='bbox 1657 2843 1797 2909; x_wconf 81' lang='lat' dir='ltr'><strong>med</strong></span> <span class='ocrx_word' id='word_1_168' title='bbox 1837 2845 2017 2910; x_wconf 78' lang='lat' dir='ltr'><strong>abeat</strong></span> <span class='ocrx_word' id='word_1_169' title='bbox 2055 2845 2206 2912; x_wconf 84' lang='lat' dir='ltr'><strong>liber</strong></span> <span class='ocrx_word' id='word_1_170' title='bbox 2238 2864 2357 2927; x_wconf 77' lang='lat' dir='ltr'><strong>quo</strong></span> <span class='ocrx_word' id='word_1_171' title='bbox 2391 2846 2571 2927; x_wconf 75' lang='lat' dir='ltr'><strong>volet,</strong></span> 
     </span>
    </p>

    <p class='ocr_par' dir='ltr' id='par_1_9' title="bbox 352 2944 2572 3133">
     <span class='ocr_line' id='line_1_26' title="bbox 522 2944 2572 3033; baseline 0.001 -23"><span class='ocrx_word' id='word_1_172' title='bbox 522 2944 620 3011; x_wconf 92' lang='lat' dir='ltr'><strong>Ne</strong></span> <span class='ocrx_word' id='word_1_173' title='bbox 645 2949 796 3029; x_wconf 70' lang='lat' dir='ltr'><strong>tm,</strong></span> <span class='ocrx_word' id='word_1_174' title='bbox 838 2946 1088 3030; x_wconf 82' lang='lat' dir='ltr'><strong>quando</strong></span> <span class='ocrx_word' id='word_1_175' title='bbox 1119 2967 1317 3011; x_wconf 76' lang='lat' dir='ltr'><strong>sanus</strong></span> <span class='ocrx_word' id='word_1_176' title='bbox 1340 2945 1613 3029; x_wconf 69' lang='lat' dir='ltr'><strong>fuctus</strong></span> <span class='ocrx_word' id='word_1_177' title='bbox 1652 2947 1777 3028; x_wconf 80' lang='lat' dir='ltr'><strong>sit,</strong></span> <span class='ocrx_word' id='word_1_178' title='bbox 1814 2967 1856 3012; x_wconf 84' lang='lat' dir='ltr'><em>a</em></span> <span class='ocrx_word' id='word_1_179' title='bbox 1893 2968 1988 3011; x_wconf 84' lang='lat' dir='ltr'><strong>me</strong></span> <span class='ocrx_word' id='word_1_180' title='bbox 2026 2951 2350 3033; x_wconf 74' lang='lat' dir='ltr'><strong>arqentum</strong></span> <span class='ocrx_word' id='word_1_181' title='bbox 2375 2950 2572 3030; x_wconf 74' lang='lat' dir='ltr'><strong>petat.</strong></span> 
     </span>
     <span class='ocr_line' id='line_1_27' title="bbox 352 3047 2570 3133; baseline -0 -22"><span class='ocrx_word' id='word_1_182' title='bbox 352 3048 532 3115; x_wconf 89' lang='lat' dir='ltr'><strong>Trin.</strong></span> <span class='ocrx_word' id='word_1_183' title='bbox 593 3049 721 3113; x_wconf 81' lang='lat'><strong>609</strong></span> <span class='ocrx_word' id='word_1_184' title='bbox 782 3047 850 3111; x_wconf 84' lang='lat' dir='ltr'><strong>id</strong></span> <span class='ocrx_word' id='word_1_185' title='bbox 911 3051 1068 3133; x_wconf 66' lang='lat' dir='ltr'><strong>atqie,</strong></span> <span class='ocrx_word' id='word_1_186' title='bbox 1134 3051 1203 3112; x_wconf 81' lang='lat' dir='ltr'><strong>ut</strong></span> <span class='ocrx_word' id='word_1_187' title='bbox 1263 3048 1369 3112; x_wconf 84' lang='lat' dir='ltr'><strong>ubi</strong></span> <span class='ocrx_word' id='word_1_188' title='bbox 1433 3047 1818 3131; x_wconf 78' lang='lat' dir='ltr'><strong>adfinitatem</strong></span> <span class='ocrx_word' id='word_1_189' title='bbox 1881 3048 2045 3112; x_wconf 78' lang='lat' dir='ltr'><strong>inter</strong></span> <span class='ocrx_word' id='word_1_190' title='bbox 2111 3068 2223 3112; x_wconf 75' lang='lat' dir='ltr'><strong>nos</strong></span> <span class='ocrx_word' id='word_1_191' title='bbox 2289 3052 2570 3113; x_wconf 75' lang='lat' dir='ltr'><strong>nostram</strong></span> 
     </span>
    </p>

    <p class='ocr_par' dir='ltr' id='par_1_10' title="bbox 521 3149 2570 3235">
     <span class='ocr_line' id='line_1_28' title="bbox 521 3149 2570 3235; baseline -0 -20"><span class='ocrx_word' id='word_1_192' title='bbox 521 3151 1065 3232; x_wconf 73' lang='lat' dir='ltr'><strong>astrinxeriS,</strong></span> <span class='ocrx_word' id='word_1_193' title='bbox 1135 3149 1340 3233; x_wconf 79' lang='lat' dir='ltr'><strong>Atque</strong></span> <span class='ocrx_word' id='word_1_194' title='bbox 1383 3170 1521 3215; x_wconf 87' lang='lat' dir='ltr'><strong>eum</strong></span> <span class='ocrx_word' id='word_1_195' title='bbox 1581 3171 1806 3235; x_wconf 72' lang='lat' dir='ltr'><strong>cyrum</strong></span> <span class='ocrx_word' id='word_1_196' title='bbox 1865 3150 2183 3215; x_wconf 80' lang='lat' dir='ltr'><strong>dederis</strong></span> <span class='ocrx_word' id='word_1_197' title='bbox 2243 3170 2350 3214; x_wconf 79' lang='lat' dir='ltr'><strong>nec</strong></span> <span class='ocrx_word' id='word_1_198' title='bbox 2404 3151 2570 3235; x_wconf 86' lang='lat' dir='ltr'><strong>quic-</strong></span> 
     </span>
    </p>

    <p class='ocr_par' dir='ltr' id='par_1_11' title="bbox 518 3250 2565 3338">
     <span class='ocr_line' id='line_1_29' title="bbox 518 3250 2565 3338; baseline 0.002 -25"><span class='ocrx_word' id='word_1_199' title='bbox 518 3269 709 3335; x_wconf 78' lang='lat' dir='ltr'><strong>quam</strong></span> <span class='ocrx_word' id='word_1_200' title='bbox 762 3251 863 3317; x_wconf 84' lang='lat' dir='ltr'><strong>hic</strong></span> <span class='ocrx_word' id='word_1_201' title='bbox 917 3252 1025 3316; x_wconf 79' lang='lat' dir='ltr'><strong>tibi</strong></span> <span class='ocrx_word' id='word_1_202' title='bbox 1066 3251 1263 3335; x_wconf 73' lang='lat' dir='ltr'><strong>eitl),</strong></span> <span class='ocrx_word' id='word_1_203' title='bbox 1326 3256 1435 3335; x_wconf 79' lang='lat' dir='ltr'><strong>qui</strong></span> <span class='ocrx_word' id='word_1_204' title='bbox 1476 3252 1672 3317; x_wconf 80' lang='lat' dir='ltr'><strong>vitam</strong></span> <span class='ocrx_word' id='word_1_205' title='bbox 1715 3253 1904 3335; x_wconf 76' lang='lat' dir='ltr'><strong>colae,</strong></span> <span class='ocrx_word' id='word_1_206' title='bbox 1971 3250 2281 3338; x_wconf 75' lang='lat' dir='ltr'><strong>Ecjuyias</strong></span> <span class='ocrx_word' id='word_1_207' title='bbox 2324 3273 2372 3318; x_wconf 92' lang='lat' dir='ltr'><strong>e.</strong></span> <span class='ocrx_word' id='word_1_208' title='bbox 2417 3274 2472 3336; x_wconf 76' lang='lat' dir='ltr'><strong>q.</strong></span> <span class='ocrx_word' id='word_1_209' title='bbox 2517 3274 2565 3319; x_wconf 78' lang='lat' dir='ltr'><strong>s,</strong></span> 
     </span>
    </p>

    <p class='ocr_par' dir='ltr' id='par_1_12' title="bbox 534 3352 1379 3418">
     <span class='ocr_line' id='line_1_30' title="bbox 534 3352 1379 3418; baseline -0.002 -1"><span class='ocrx_word' id='word_1_210' title='bbox 534 3352 722 3417; x_wconf 87' lang='lat' dir='ltr'><strong>Adde</strong></span> <span class='ocrx_word' id='word_1_211' title='bbox 767 3354 922 3418; x_wconf 85' lang='lat' dir='ltr'><strong>haec</strong></span> <span class='ocrx_word' id='word_1_212' title='bbox 965 3353 1379 3418; x_wconf 84' lang='lat' dir='ltr'><strong>Terentiana:</strong></span> 
     </span>
    </p>

    <p class='ocr_par' dir='ltr' id='par_1_13' title="bbox 352 3454 2567 3540">
     <span class='ocr_line' id='line_1_31' title="bbox 352 3454 2567 3540; baseline 0 -23"><span class='ocrx_word' id='word_1_213' title='bbox 352 3454 498 3520; x_wconf 88' lang='lat' dir='ltr'><strong>Ter.</strong></span> <span class='ocrx_word' id='word_1_214' title='bbox 544 3455 711 3524; x_wconf 87' lang='lat' dir='ltr'><strong>Eun.</strong></span> <span class='ocrx_word' id='word_1_215' title='bbox 749 3456 873 3520; x_wconf 90' lang='lat'><strong>140</strong></span> <span class='ocrx_word' id='word_1_216' title='bbox 904 3454 1039 3538; x_wconf 70' lang='lat' dir='ltr'><strong>Ait,</strong></span> <span class='ocrx_word' id='word_1_217' title='bbox 1073 3455 1132 3520; x_wconf 79' lang='lat' dir='ltr'><strong>si</strong></span> <span class='ocrx_word' id='word_1_218' title='bbox 1163 3506 1177 3521; x_wconf 96' lang='lat'><strong>.</strong></span> <span class='ocrx_word' id='word_1_219' title='bbox 1209 3508 1224 3524; x_wconf 91' lang='lat'><strong>.</strong></span> <span class='ocrx_word' id='word_1_220' title='bbox 1249 3502 1265 3518; x_wconf 95' lang='lat'><strong>.</strong></span> <span class='ocrx_word' id='word_1_221' title='bbox 1302 3476 1424 3519; x_wconf 73' lang='lat' dir='ltr'><strong>nou</strong></span> <span class='ocrx_word' id='word_1_222' title='bbox 1456 3454 1523 3519; x_wconf 81' lang='lat' dir='ltr'><strong>id</strong></span> <span class='ocrx_word' id='word_1_223' title='bbox 1549 3459 1801 3536; x_wconf 81' lang='lat' dir='ltr'><strong>metuat,</strong></span> <span class='ocrx_word' id='word_1_224' title='bbox 1832 3475 1927 3537; x_wconf 80' lang='lat' dir='ltr'><strong>ue,</strong></span> <span class='ocrx_word' id='word_1_225' title='bbox 1949 3454 2053 3520; x_wconf 81' lang='lat' dir='ltr'><strong>ubi</strong></span> <span class='ocrx_word' id='word_1_226' title='bbox 2093 3455 2567 3540; x_wconf 75' lang='lat' dir='ltr'><strong>acceperim,</strong></span> 
     </span>
    </p>

    <p class='ocr_par' dir='ltr' id='par_1_14' title="bbox 522 3556 2008 3641">
     <span class='ocr_line' id='line_1_32' title="bbox 522 3556 2008 3641; baseline -0.001 -18"><span class='ocrx_word' id='word_1_227' title='bbox 522 3556 667 3624; x_wconf 80' lang='lat' dir='ltr'><strong>Sese</strong></span> <span class='ocrx_word' id='word_1_228' title='bbox 708 3556 1088 3641; x_wconf 80' lang='lat' dir='ltr'><strong>relinquam,</strong></span> <span class='ocrx_word' id='word_1_229' title='bbox 1129 3557 1286 3622; x_wconf 84' lang='lat' dir='ltr'><strong>velle</strong></span> <span class='ocrx_word' id='word_1_230' title='bbox 1328 3578 1394 3622; x_wconf 78' lang='lat' dir='ltr'><strong>se</strong></span> <span class='ocrx_word' id='word_1_231' title='bbox 1434 3557 1613 3623; x_wconf 77' lang='lat' dir='ltr'><strong>illam</strong></span> <span class='ocrx_word' id='word_1_232' title='bbox 1645 3557 1802 3621; x_wconf 83' lang='lat' dir='ltr'><strong>mihi</strong></span> <span class='ocrx_word' id='word_1_233' title='bbox 1837 3556 2008 3623; x_wconf 84' lang='lat' dir='ltr'><strong>dare.</strong></span> 
     </span>
    </p>

    <p class='ocr_par' dir='ltr' id='par_1_15' title="bbox 542 3657 2563 3744">
     <span class='ocr_line' id='line_1_33' title="bbox 542 3657 2563 3744; baseline 0.001 -22"><span class='ocrx_word' id='word_1_234' title='bbox 542 3659 743 3727; x_wconf 85' lang='lat' dir='ltr'><strong>Haut.</strong></span> <span class='ocrx_word' id='word_1_235' title='bbox 787 3660 911 3724; x_wconf 81' lang='lat'><strong>854</strong></span> <span class='ocrx_word' id='word_1_236' title='bbox 952 3659 1131 3724; x_wconf 82' lang='lat' dir='ltr'><strong>illum</strong></span> <span class='ocrx_word' id='word_1_237' title='bbox 1167 3661 1347 3724; x_wconf 69' lang='lat' dir='ltr'><strong>aiunt</strong></span> <span class='ocrx_word' id='word_1_238' title='bbox 1378 3660 1538 3725; x_wconf 84' lang='lat' dir='ltr'><strong>velle</strong></span> <span class='ocrx_word' id='word_1_239' title='bbox 1578 3679 1865 3742; x_wconf 75' lang='lat' dir='ltr'><strong>uxorem,</strong></span> <span class='ocrx_word' id='word_1_240' title='bbox 1910 3663 1978 3723; x_wconf 78' lang='lat' dir='ltr'><strong>ut</strong></span> <span class='ocrx_word' id='word_1_241' title='bbox 2014 3678 2196 3742; x_wconf 77' lang='lat' dir='ltr'><strong>quom</strong></span> <span class='ocrx_word' id='word_1_242' title='bbox 2240 3657 2563 3744; x_wconf 72' lang='lat' dir='ltr'><strong>despore-</strong></span> 
     </span>
    </p>

    <p class='ocr_par' dir='ltr' id='par_1_16' title="bbox 520 3759 2358 3845">
     <span class='ocr_line' id='line_1_34' title="bbox 520 3759 2358 3845; baseline 0.002 -21"><span class='ocrx_word' id='word_1_243' title='bbox 520 3761 802 3845; x_wconf 82' lang='lat' dir='ltr'><strong>derim,</strong></span> <span class='ocrx_word' id='word_1_244' title='bbox 849 3759 985 3826; x_wconf 80' lang='lat' dir='ltr'><strong>Des</strong></span> <span class='ocrx_word' id='word_1_245' title='bbox 1027 3765 1135 3844; x_wconf 80' lang='lat' dir='ltr'><strong>qui</strong></span> <span class='ocrx_word' id='word_1_246' title='bbox 1177 3781 1407 3827; x_wconf 85' lang='lat' dir='ltr'><strong>aurum</strong></span> <span class='ocrx_word' id='word_1_247' title='bbox 1451 3783 1525 3829; x_wconf 83' lang='lat' dir='ltr'><strong>ac</strong></span> <span class='ocrx_word' id='word_1_248' title='bbox 1568 3766 1797 3829; x_wconf 81' lang='lat' dir='ltr'><strong>vestem</strong></span> <span class='ocrx_word' id='word_1_249' title='bbox 1841 3814 1855 3829; x_wconf 89' lang='lat'><strong>.</strong></span> <span class='ocrx_word' id='word_1_250' title='bbox 1905 3814 1917 3827; x_wconf 92' lang='lat'><strong>.</strong></span> <span class='ocrx_word' id='word_1_251' title='bbox 1966 3814 1980 3828; x_wconf 93' lang='lat'><strong>.</strong></span> <span class='ocrx_word' id='word_1_252' title='bbox 2027 3765 2358 3844; x_wconf 76' lang='lat' dir='ltr'><strong>comparet.</strong></span> 
     </span>
    </p>
   </div>
   <div class='ocr_carea' id='block_1_4' title="bbox 351 3922 754 3929">
    <p class='ocr_par' dir='ltr' id='par_1_17' title="bbox 351 3922 754 3929">
     <span class='ocr_line' id='line_1_35' title="bbox 351 3922 754 3929; baseline 0 0"><span class='ocrx_word' id='word_1_253' title='bbox 351 3922 754 3929; x_wconf 95' lang='lat' dir='ltr'><strong> </strong></span> 
     </span>
    </p>
   </div>
   <div class='ocr_carea' id='block_1_5' title="bbox 355 4006 2566 4146">
    <p class='ocr_par' dir='ltr' id='par_1_18' title="bbox 355 4006 2566 4146">
     <span class='ocr_line' id='line_1_36' title="bbox 532 4006 2566 4067; baseline -0.002 -11"><span class='ocrx_word' id='word_1_254' title='bbox 532 4006 571 4067; x_wconf 87' lang='lat'><strong>¹)</strong></span> <span class='ocrx_word' id='word_1_255' title='bbox 607 4008 707 4058; x_wconf 82' lang='lat' dir='ltr'><strong>Hic</strong></span> <span class='ocrx_word' id='word_1_256' title='bbox 743 4010 1087 4058; x_wconf 78' lang='lat' dir='ltr'><strong>coniunctivae</strong></span> <span class='ocrx_word' id='word_1_257' title='bbox 1125 4010 1316 4058; x_wconf 79' lang='lat' dir='ltr'><strong>evincit</strong></span> <span class='ocrx_word' id='word_1_258' title='bbox 1351 4010 1506 4058; x_wconf 78' lang='lat' dir='ltr'><strong>etiem</strong></span> <span class='ocrx_word' id='word_1_259' title='bbox 1544 4008 1891 4059; x_wconf 79' lang='lat' dir='ltr'><strong>antecedentes</strong></span> <span class='ocrx_word' id='word_1_260' title='bbox 1929 4009 2110 4057; x_wconf 77' lang='lat' dir='ltr'><strong>formas</strong></span> <span class='ocrx_word' id='word_1_261' title='bbox 2139 4007 2199 4056; x_wconf 79' lang='lat' dir='ltr'><strong>ad</strong></span> <span class='ocrx_word' id='word_1_262' title='bbox 2224 4006 2434 4056; x_wconf 89' lang='lat' dir='ltr'><strong>eundem</strong></span> <span class='ocrx_word' id='word_1_263' title='bbox 2459 4019 2566 4053; x_wconf 90' lang='lat' dir='ltr'><strong>mo-</strong></span> 
     </span>
     <span class='ocr_line' id='line_1_37' title="bbox 355 4095 952 4146; baseline 0.005 -3"><span class='ocrx_word' id='word_1_264' title='bbox 355 4095 472 4144; x_wconf 89' lang='lat' dir='ltr'><strong>dum</strong></span> <span class='ocrx_word' id='word_1_265' title='bbox 510 4110 619 4145; x_wconf 85' lang='lat' dir='ltr'><strong>esse</strong></span> <span class='ocrx_word' id='word_1_266' title='bbox 656 4095 952 4146; x_wconf 77' lang='lat' dir='ltr'><strong>referendas.</strong></span> 
     </span>
    </p>
   </div>
  </div>
 </body>
</html>
