3116 4790
1408 376 1490 441 59

332 593 455 637 sua
516 574 783 636 retinuit
840 575 990 655 (nisi
1047 575 1216 659 quod
1280 595 1625 640 moenerem
1686 575 1986 661 scripsit).
2073 575 2208 638 Nec
2269 574 2562 658 repetitio

335 674 619 739 eiusdem
665 675 853 740 verbi
895 676 1198 762 exemplis
1243 677 1433 762 plane
1481 687 1578 742 est
1620 677 1960 743 destituta:
2046 676 2193 739 Ter.
2239 676 2437 744 Haut.
2483 675 2564 739 28

334 788 398 841 et
439 778 522 842 29
593 778 898 862 copiam);
968 779 1131 843 conf.
1175 778 1430 844 Phorm.
1479 779 1623 844 305.
1680 779 1801 843 306
1856 798 1987 842 com
2006 777 2459 841 -monstrarier
2487 811 2560 822 —

336 877 903 959 cle-monstrarier,
949 878 1153 945 Andr.
1198 880 1299 943 20.
1345 880 1418 942 21
1469 879 1968 964 neq-leyentiam
1997 915 2073 927 —
2103 877 2563 962 di-liqentiam.

502 978 604 1041 De
649 977 959 1064 exemplis
1013 1000 1187 1061 vero,
1252 1002 1419 1066 quae
1462 983 1564 1045 vir
1608 981 2007 1046 doctissimus
2054 982 2136 1045 ad
2181 978 2565 1043 firmandam

334 1098 520 1141 suam
577 1080 957 1143 sententiam
1002 1082 1351 1165 proposuit,
1415 1085 1482 1150 in
1526 1109 1661 1151 rem
1704 1083 1989 1171 quadrat
2030 1082 2344 1149 nullum.
2430 1082 2567 1145 Pri-

337 1201 513 1243 mum
557 1182 897 1246 eximenda
939 1193 1089 1246 sunt
1132 1205 1298 1268 quae
1341 1184 1486 1250 Cas.
1529 1185 1621 1269 II,
1665 1187 1700 1249 7
1706 1234 1724 1266 ,
1753 1184 1917 1249 1-3
1955 1193 2306 1249 occurrunt
2340 1185 2568 1268 (supra

343 1283 664 1364 enotata):
729 1304 879 1346 nam
939 1280 1030 1346 ibi
1083 1293 1412 1349 structura
1468 1295 1560 1352 est
1614 1285 2133 1372 hypothetica.
2250 1282 2567 1348 Voluerim

338 1392 556 1447 autem
602 1381 786 1469 Capt.
831 1383 923 1465 II,
966 1385 1132 1467 2,59
1174 1385 1359 1469 (306)
1406 1408 1497 1451 ex
1540 1389 1784 1473 ipsius
1828 1387 2079 1451 Brixii
2123 1384 2569 1451 coniectura

335 1492 585 1547 ortum
643 1493 756 1547 est
813 1483 1030 1567 (codd.
1091 1484 1474 1570 volueram):
1541 1508 1666 1570 quo
1726 1485 1805 1550 de
1858 1485 1996 1550 loco
2053 1484 2223 1548 infra
2264 1483 2567 1549 dicemus·

336 1583 611 1669 Reliqua
669 1607 821 1652 vero
880 1584 1174 1670 exempla
1230 1587 1442 1650 omnia
1505 1587 1591 1652 ad
1657 1588 1999 1652 futurum
2056 1595 2415 1650 exactum
2477 1586 2569 1648 ita

339 1696 656 1771 spectant,
701 1696 773 1750 ut
808 1685 951 1750 illas
988 1689 1271 1752 notiones
1306 1688 1684 1771 exhibeant,
1726 1689 1807 1753 de
1843 1687 2076 1774 quibus
2112 1709 2312 1772 supra
2357 1686 2571 1771 dispu-

342 1787 651 1853 tavimus:
692 1810 753 1872 p,
785 1786 889 1854 26.
948 1787 1073 1852 Sed
1103 1810 1296 1874 quam
1335 1787 1707 1854 brevissime
1743 1788 2204 1874 perlustremus
2234 1810 2339 1854 eos
2370 1786 2569 1852 locos:

532 1909 588 1951 a.
631 1887 808 1951 Trin.
857 1888 977 1953 139
1024 1887 1218 1954 Grede
1259 1888 1405 1953 huic
1447 1890 1724 1971 tutelam,
1766 1908 1951 1956 suam
1993 1910 2127 1955 rem
2162 1890 2386 1956 melius
2411 1912 2571 1977 yes-

632 1989 841 2054 serit

508 2090 688 2157 Conf.
738 2113 788 2156 e.
834 2113 897 2174 g.
942 2092 1110 2155 Men.
1155 2091 1279 2156 273
1328 2090 1495 2176 Cape
1547 2096 1731 2175 atque
1773 2112 1986 2173 serva,
2034 2113 2133 2157 me
2178 2092 2414 2160 lubente
2438 2099 2567 2180 fe-

340 2192 622 2275 ceri31).
708 2192 840 2258 Ubi
893 2193 1087 2256 idem
1146 2194 1248 2258 vir
1305 2192 1530 2258 doctus
1586 2193 1883 2258 adnotat:
1947 2195 2231 2259 feceris
2261 2196 2424 2278 fut.
2474 2197 2571 2265 II.

336 2296 460 2358 wie
511 2316 808 2360 cavero
859 2293 1010 2358 271.
1112 2295 1460 2358 Praeterea
1527 2316 1907 2380 comparare
1972 2296 2122 2360 licet
2180 2296 2366 2382 Capt.
2428 2299 2573 2379 296,

345 2397 536 2465 Cure.
581 2395 729 2476 665,
794 2395 991 2460 Merc.
1037 2395 1182 2478 140,
1245 2395 1391 2462 Ter.
1447 2395 1702 2462 Phorm.
1761 2397 1905 2464 426.
1965 2400 2093 2463 450
2109 2397 2177 2481 ²).
2274 2398 2572 2465 Ceterum

342 2499 459 2564 hoc
518 2520 771 2584 quoque
830 2498 968 2562 loco
1013 2500 1330 2561 sententia
1372 2509 1467 2562 est
1510 2499 1955 2584 hypothetica:
2035 2500 2092 2563 si
2134 2500 2280 2563 huic
2322 2501 2574 2565 tutelam

348 2600 712 2682 credideriS,
757 2619 941 2666 suam
986 2620 1120 2664 rem
1165 2602 1391 2666 melius
1425 2602 1725 2687 yesserit:
1767 2602 1848 2665 de
1889 2601 1995 2665 illo
2040 2601 2573 2667 ‘coordinationis’

345 2724 515 2787 quae
563 2703 800 2768 dicitur
848 2723 968 2765 usu
1013 2701 1162 2765 vide
1205 2703 1500 2789 Draeger
1544 2703 1631 2770 ΙΙ.
1679 2726 1739 2788 p.
1786 2704 1909 2766 218
1955 2705 2036 2785 (ἓ.
2084 2703 2234 2780 373)
2252 2702 2316 2779 3).

528 2804 591 2873 b.
637 2802 823 2889 Capt.
866 2804 991 2869 344
1034 2804 1149 2886 (II,
1192 2805 1252 2886 ⁶2,
1277 2805 1384 2885 94)
1432 2804 1520 2869 At
1574 2804 1734 2867 nihil
1793 2808 1881 2867 est
1933 2805 2208 2889 iynotum
2270 2803 2355 2868 ad
2395 2803 2575 2868 illum

636 2906 915 2969 mittere:
959 2925 1218 2989 operam
1263 2906 1591 2972 lusorie.

519 3005 753 3069 Similis
788 3017 885 3070 est
919 3017 1250 3071 structura
1292 3030 1342 3072 e.
1386 3030 1446 3091 g.
1495 3008 1712 3071 Vidul.
1755 3007 1829 3069 fr.
1869 3005 1919 3070 Ι.
1966 3030 2023 3091 p.
2066 3006 2142 3071 13
2186 3006 2398 3070 stud:
2471 3005 2578 3072 Sol

345 3110 435 3169 est
475 3106 561 3171 ad
605 3127 742 3172 eam
798 3126 933 3171 rem
965 3109 1212 3192 pictor:
1280 3113 1489 3173 atrum
1522 3108 1829 3191 feceris,
1917 3106 2085 3170 Sane
2129 3108 2269 3173 Cas.
2313 3107 2402 3188 11,
2447 3109 2504 3189 7,
2535 3110 2567 3171 1

343 3206 657 3272 habemus
698 3210 791 3295 (in
836 3209 1254 3294 hypothetica
1300 3213 1657 3288 structura)
1702 3228 1962 3294 operam
2006 3209 2284 3289 luserim,
2328 3208 2437 3271 sed
2485 3209 2575 3271 in-

347 3309 668 3374 dicativus
707 3311 987 3375 eiusdem
1025 3312 1360 3376 locutionis
1398 3313 1462 3374 in
1500 3310 1689 3374 simili
1727 3313 2059 3377 enuntiato
2092 3320 2307 3374 exstat
2341 3312 2577 3375 Pseud.

346 3411 497 3476 369:
537 3412 607 3475 in
635 3417 970 3496 pertusum
1000 3414 1345 3499 inqerimus
1381 3414 1548 3479 dicta
1583 3414 1855 3477 dolium:
1894 3432 2193 3497 operam
2230 3410 2575 3477 ludimus

547 3536 601 3577 e.
644 3515 875 3583 Pseud.
931 3515 1016 3596 (I,
1060 3515 1296 3597 3,116)
1353 3515 1480 3579 350
1534 3513 1706 3592 Quin
1761 3519 1829 3578 tu
1886 3513 1985 3577 ted
2041 3513 2267 3577 occidis
2315 3509 2577 3596 potius?

639 3636 790 3680 nam
833 3616 996 3680 hunc
1028 3616 1242 3697 fames
1281 3619 1413 3682 iam
1459 3615 1867 3681 occiderit.

522 3865 562 3919 1)
599 3860 740 3909 Conf.
777 3863 931 3913 Stich.
976 3865 1074 3911 473
1113 3861 1342 3909 Lubente
1376 3875 1455 3907 me
1492 3861 1653 3908 hercle
1684 3862 1929 3920 facies.

521 3948 568 4009 2)
606 3948 746 3999 Gonf.
787 3951 1005 4010 Draeger
1044 3950 1065 3996 Ι
1102 3963 1148 4009 p.
1191 3951 1307 4006 284,
1348 3948 1548 3995 Melfart
1587 3948 1619 3995 1.
1660 3962 1699 3995 s,
1742 3961 1780 3995 s.
1819 3962 1871 4007 p.
1908 3948 1969 3993 21
2016 3962 2089 4009 sq.

522 4036 570 4099 3)
609 4036 683 4085 De
719 4038 795 4085 Li
813 4039 879 4084 vt
900 4051 926 4085 a
941 4052 972 4084 n
993 4051 1020 4083 o
1059 4051 1151 4083 usu
1187 4036 1312 4084 conf.
1355 4035 1397 4082 G
1417 4050 1446 4082 u
1465 4048 1491 4081 e
1507 4049 1536 4081 n
1556 4042 1578 4082 t
1594 4035 1625 4081 h
1646 4050 1671 4084 e
1691 4050 1712 4081 r
1730 4070 1741 4093 ‚
1780 4036 1882 4083 Dic
1905 4035 2129 4083 Formen
2157 4035 2245 4081 der
2272 4033 2575 4094 Hypothesia

347 4139 441 4174 aus
478 4125 665 4178 Livius
710 4125 990 4176 entwickelt
1024 4124 1240 4192 (Bromb.
1287 4125 1435 4171 1871.
1476 4121 1549 4183 4.)
1587 4136 1636 4183 p.
1677 4124 1737 4170 31
1782 4137 1854 4188 sq.
