<?xml version="1.0" encoding="UTF-8"?>
<!DOCTYPE html PUBLIC "-//W3C//DTD XHTML 1.0 Transitional//EN"
    "http://www.w3.org/TR/xhtml1/DTD/xhtml1-transitional.dtd">
<html xmlns="http://www.w3.org/1999/xhtml" xml:lang="en" lang="en">
 <head>
  <title>
</title>
<meta http-equiv="Content-Type" content="text/html;charset=utf-8" />
  <meta name='ocr-system' content='tesseract 3.04.00' />
  <meta name='ocr-capabilities' content='ocr_page ocr_carea ocr_par ocr_line ocrx_word'/>
</head>
<body>
  <div class='ocr_page' id='page_1' title='image "./deperfecticonju00cramgoog_0064.png"; bbox 0 0 3116 4790; ppageno 0'>
   <div class='ocr_carea' id='block_1_1' title="bbox 1587 350 1668 416">
    <p class='ocr_par' dir='ltr' id='par_1_1' title="bbox 1587 350 1668 416">
     <span class='ocr_line' id='line_1_1' title="bbox 1587 350 1668 416; baseline 0 0"><span class='ocrx_word' id='word_1_1' title='bbox 1587 350 1668 416; x_wconf 83' lang='lat'>56</span> 
     </span>
    </p>
   </div>
   <div class='ocr_carea' id='block_1_2' title="bbox 1421 440 1827 449">
    <p class='ocr_par' dir='ltr' id='par_1_2' title="bbox 1421 440 1827 449">
     <span class='ocr_line' id='line_1_2' title="bbox 1421 440 1827 449; baseline 0 0"><span class='ocrx_word' id='word_1_2' title='bbox 1421 440 1827 449; x_wconf 95' lang='lat' dir='ltr'> </span> 
     </span>
    </p>
   </div>
   <div class='ocr_carea' id='block_1_3' title="bbox 510 547 2745 936">
    <p class='ocr_par' dir='ltr' id='par_1_3' title="bbox 510 547 2745 936">
     <span class='ocr_line' id='line_1_3' title="bbox 680 547 2745 635; baseline 0 -24"><span class='ocrx_word' id='word_1_3' title='bbox 680 548 784 612; x_wconf 82' lang='lat' dir='ltr'>Ex</span> <span class='ocrx_word' id='word_1_4' title='bbox 818 550 906 612; x_wconf 89' lang='grc'>616</span> <span class='ocrx_word' id='word_1_5' title='bbox 942 571 1110 634; x_wconf 89' lang='lat' dir='ltr'>quae</span> <span class='ocrx_word' id='word_1_6' title='bbox 1143 550 1555 634; x_wconf 83' lang='lat' dir='ltr'>exposuimus</span> <span class='ocrx_word' id='word_1_7' title='bbox 1589 548 1985 634; x_wconf 87' lang='lat' dir='ltr'>intellegitur</span> <span class='ocrx_word' id='word_1_8' title='bbox 2020 550 2294 635; x_wconf 88' lang='lat' dir='ltr'>primum</span> <span class='ocrx_word' id='word_1_9' title='bbox 2327 547 2531 615; x_wconf 84' lang='lat' dir='ltr'>verba</span> <span class='ocrx_word' id='word_1_10' title='bbox 2575 568 2745 632; x_wconf 84' lang='lat' dir='ltr'>quae</span> 
     </span>
     <span class='ocr_line' id='line_1_4' title="bbox 510 647 2745 732; baseline 0 -20"><span class='ocrx_word' id='word_1_11' title='bbox 510 659 659 712; x_wconf 85' lang='lat' dir='ltr'>sunt</span> <span class='ocrx_word' id='word_1_12' title='bbox 678 649 1061 732; x_wconf 76' lang='lat' dir='ltr'>praefiscini</span> <span class='ocrx_word' id='word_1_13' title='bbox 1095 650 1368 714; x_wconf 78' lang='lat' dir='ltr'><strong><em>dixerim</em></strong></span> <span class='ocrx_word' id='word_1_14' title='bbox 1408 671 1449 714; x_wconf 92' lang='lat' dir='ltr'>a</span> <span class='ocrx_word' id='word_1_15' title='bbox 1475 649 1709 714; x_wconf 87' lang='lat' dir='ltr'>Plauto</span> <span class='ocrx_word' id='word_1_16' title='bbox 1741 661 1888 715; x_wconf 87' lang='lat' dir='ltr'>orta</span> <span class='ocrx_word' id='word_1_17' title='bbox 1918 673 2052 715; x_wconf 81' lang='lat' dir='ltr'>esse</span> <span class='ocrx_word' id='word_1_18' title='bbox 2083 672 2207 716; x_wconf 93' lang='lat' dir='ltr'>non</span> <span class='ocrx_word' id='word_1_19' title='bbox 2239 650 2471 731; x_wconf 87' lang='lat' dir='ltr'>videri,</span> <span class='ocrx_word' id='word_1_20' title='bbox 2514 647 2745 712; x_wconf 82' lang='lat' dir='ltr'>deinde</span> 
     </span>
     <span class='ocr_line' id='line_1_5' title="bbox 511 749 2744 837; baseline -0.001 -25"><span class='ocrx_word' id='word_1_21' title='bbox 511 749 786 813; x_wconf 74' lang='lat' dir='ltr'><strong><em>dixerim</em></strong></span> <span class='ocrx_word' id='word_1_22' title='bbox 844 771 969 813; x_wconf 91' lang='lat' dir='ltr'>non</span> <span class='ocrx_word' id='word_1_23' title='bbox 1028 758 1161 812; x_wconf 89' lang='lat' dir='ltr'>tam</span> <span class='ocrx_word' id='word_1_24' title='bbox 1205 750 1288 813; x_wconf 89' lang='lat' dir='ltr'>ad</span> <span class='ocrx_word' id='word_1_25' title='bbox 1332 750 1683 836; x_wconf 81' lang='lat' dir='ltr'>potentiale</span> <span class='ocrx_word' id='word_1_26' title='bbox 1728 773 1952 836; x_wconf 71' lang='lat' dir='ltr'>genu5‚</span> <span class='ocrx_word' id='word_1_27' title='bbox 2013 773 2208 837; x_wconf 92' lang='lat' dir='ltr'>quam</span> <span class='ocrx_word' id='word_1_28' title='bbox 2255 750 2337 814; x_wconf 87' lang='lat' dir='ltr'>ad</span> <span class='ocrx_word' id='word_1_29' title='bbox 2378 749 2744 834; x_wconf 86' lang='lat' dir='ltr'>optativum</span> 
     </span>
     <span class='ocr_line' id='line_1_6' title="bbox 510 851 850 936; baseline -0.003 -22"><span class='ocrx_word' id='word_1_30' title='bbox 510 851 850 936; x_wconf 89' lang='lat' dir='ltr'>pertinere.</span> 
     </span>
    </p>
   </div>
   <div class='ocr_carea' id='block_1_4' title="bbox 512 969 2751 1460">
    <p class='ocr_par' dir='ltr' id='par_1_4' title="bbox 512 969 2751 1460">
     <span class='ocr_line' id='line_1_7' title="bbox 683 969 2749 1055; baseline -0.002 -20"><span class='ocrx_word' id='word_1_31' title='bbox 683 970 860 1051; x_wconf 89' lang='lat' dir='ltr'>Loci,</span> <span class='ocrx_word' id='word_1_32' title='bbox 925 992 1082 1055; x_wconf 86' lang='lat' dir='ltr'>quos</span> <span class='ocrx_word' id='word_1_33' title='bbox 1143 970 1353 1036; x_wconf 90' lang='lat' dir='ltr'>adhuc</span> <span class='ocrx_word' id='word_1_34' title='bbox 1415 973 1864 1054; x_wconf 74' lang='lat' dir='ltr'>tractavimuS,</span> <span class='ocrx_word' id='word_1_35' title='bbox 1924 971 2217 1036; x_wconf 85' lang='lat' dir='ltr'>codicum</span> <span class='ocrx_word' id='word_1_36' title='bbox 2269 969 2575 1034; x_wconf 84' lang='lat' dir='ltr'>memoria</span> <span class='ocrx_word' id='word_1_37' title='bbox 2621 978 2749 1032; x_wconf 86' lang='lat' dir='ltr'>tra·</span> 
     </span>
     <span class='ocr_line' id='line_1_8' title="bbox 518 1068 2747 1159; baseline -0.001 -22"><span class='ocrx_word' id='word_1_38' title='bbox 518 1072 637 1137; x_wconf 89' lang='lat' dir='ltr'>diti</span> <span class='ocrx_word' id='word_1_39' title='bbox 681 1083 850 1138; x_wconf 84' lang='lat' dir='ltr'>sunt.</span> <span class='ocrx_word' id='word_1_40' title='bbox 923 1074 1269 1137; x_wconf 86' lang='lat' dir='ltr'>Praeterea</span> <span class='ocrx_word' id='word_1_41' title='bbox 1308 1073 1617 1137; x_wconf 86' lang='lat' dir='ltr'>nonnulla</span> <span class='ocrx_word' id='word_1_42' title='bbox 1654 1082 1915 1137; x_wconf 84' lang='lat' dir='ltr'>exstant</span> <span class='ocrx_word' id='word_1_43' title='bbox 1951 1072 2267 1158; x_wconf 85' lang='lat' dir='ltr'>exempla,</span> <span class='ocrx_word' id='word_1_44' title='bbox 2308 1092 2477 1159; x_wconf 85' lang='lat' dir='ltr'>quae</span> <span class='ocrx_word' id='word_1_45' title='bbox 2513 1091 2553 1133; x_wconf 84' lang='lat' dir='ltr'>a</span> <span class='ocrx_word' id='word_1_46' title='bbox 2588 1068 2747 1134; x_wconf 80' lang='lat' dir='ltr'>viris</span> 
     </span>
     <span class='ocr_line' id='line_1_9' title="bbox 512 1171 2747 1261; baseline 0.001 -24"><span class='ocrx_word' id='word_1_47' title='bbox 512 1173 716 1239; x_wconf 81' lang='lat' dir='ltr'>doctis</span> <span class='ocrx_word' id='word_1_48' title='bbox 776 1174 1337 1240; x_wconf 84' lang='lat' dir='ltr'>coniectando</span> <span class='ocrx_word' id='word_1_49' title='bbox 1397 1175 1463 1237; x_wconf 91' lang='lat' dir='ltr'>in</span> <span class='ocrx_word' id='word_1_50' title='bbox 1522 1183 1773 1239; x_wconf 85' lang='lat' dir='ltr'>textum</span> <span class='ocrx_word' id='word_1_51' title='bbox 1832 1176 1943 1261; x_wconf 87' lang='lat' dir='ltr'>qui</span> <span class='ocrx_word' id='word_1_52' title='bbox 2001 1186 2275 1240; x_wconf 87' lang='lat' dir='ltr'>vocatur</span> <span class='ocrx_word' id='word_1_53' title='bbox 2334 1183 2483 1238; x_wconf 79' lang='lat' dir='ltr'>sunt</span> <span class='ocrx_word' id='word_1_54' title='bbox 2524 1171 2747 1240; x_wconf 83' lang='lat' dir='ltr'>inlata.</span> 
     </span>
     <span class='ocr_line' id='line_1_10' title="bbox 518 1273 2751 1361; baseline 0 -23"><span class='ocrx_word' id='word_1_55' title='bbox 518 1273 773 1353; x_wconf 77' lang='lat' dir='ltr'><strong>Quibus</strong></span> <span class='ocrx_word' id='word_1_56' title='bbox 818 1296 943 1339; x_wconf 93' lang='lat' dir='ltr'>non</span> <span class='ocrx_word' id='word_1_57' title='bbox 991 1274 1136 1359; x_wconf 82' lang='lat' dir='ltr'>plus</span> <span class='ocrx_word' id='word_1_58' title='bbox 1178 1275 1337 1341; x_wconf 82' lang='lat' dir='ltr'>iuris</span> <span class='ocrx_word' id='word_1_59' title='bbox 1396 1296 1531 1339; x_wconf 81' lang='lat' dir='ltr'>esse</span> <span class='ocrx_word' id='word_1_60' title='bbox 1576 1297 1943 1342; x_wconf 84' lang='lat' dir='ltr'>concessum</span> <span class='ocrx_word' id='word_1_61' title='bbox 1986 1298 2181 1361; x_wconf 92' lang='lat' dir='ltr'>quam</span> <span class='ocrx_word' id='word_1_62' title='bbox 2225 1275 2373 1358; x_wconf 84' lang='grc'><strong>11116,</strong></span> <span class='ocrx_word' id='word_1_63' title='bbox 2436 1298 2606 1341; x_wconf 85' lang='grc'><strong>1111116</strong></span> <span class='ocrx_word' id='word_1_64' title='bbox 2652 1285 2751 1339; x_wconf 83' lang='lat' dir='ltr'>est</span> 
     </span>
     <span class='ocr_line' id='line_1_11' title="bbox 512 1374 937 1460; baseline 0.002 -23"><span class='ocrx_word' id='word_1_65' title='bbox 512 1374 937 1460; x_wconf 89' lang='lat' dir='ltr'>probandum.</span> 
     </span>
    </p>
   </div>
   <div class='ocr_carea' id='block_1_5' title="bbox 668 1493 2752 1680">
    <p class='ocr_par' dir='ltr' id='par_1_5' title="bbox 668 1493 2752 1680">
     <span class='ocr_line' id='line_1_12' title="bbox 668 1493 2752 1562; baseline 0.001 -7"><span class='ocrx_word' id='word_1_66' title='bbox 668 1496 723 1555; x_wconf 93' lang='lat'>1.</span> <span class='ocrx_word' id='word_1_67' title='bbox 767 1493 983 1557; x_wconf 85' lang='lat' dir='ltr'>Plaut.</span> <span class='ocrx_word' id='word_1_68' title='bbox 1029 1493 1165 1562; x_wconf 80' lang='lat' dir='ltr'>Mil.</span> <span class='ocrx_word' id='word_1_69' title='bbox 1211 1515 1435 1559; x_wconf 81' lang='lat' dir='ltr'>versus</span> <span class='ocrx_word' id='word_1_70' title='bbox 1484 1493 1608 1559; x_wconf 83' lang='lat'>332</span> <span class='ocrx_word' id='word_1_71' title='bbox 1660 1495 1811 1558; x_wconf 88' lang='lat' dir='ltr'>inde</span> <span class='ocrx_word' id='word_1_72' title='bbox 1854 1516 1894 1558; x_wconf 85' lang='lat' dir='ltr'>a</span> <span class='ocrx_word' id='word_1_73' title='bbox 1937 1495 2307 1561; x_wconf 73' lang='lat' dir='ltr'>camerario</span> <span class='ocrx_word' id='word_1_74' title='bbox 2351 1496 2416 1558; x_wconf 92' lang='lat' dir='ltr'>in</span> <span class='ocrx_word' id='word_1_75' title='bbox 2463 1495 2752 1560; x_wconf 86' lang='lat' dir='ltr'>editioni-</span> 
     </span>
     <span class='ocr_line' id='line_1_13' title="bbox 771 1593 1453 1680; baseline 0 -22"><span class='ocrx_word' id='word_1_76' title='bbox 771 1593 893 1658; x_wconf 81' lang='lat' dir='ltr'>bus</span> <span class='ocrx_word' id='word_1_77' title='bbox 929 1596 1033 1676; x_wconf 39' lang='grc'><strong>,616</strong></span> <span class='ocrx_word' id='word_1_78' title='bbox 1072 1594 1453 1680; x_wconf 81' lang='lat' dir='ltr'>legebatur:</span> 
     </span>
    </p>
   </div>
   <div class='ocr_carea' id='block_1_6' title="bbox 517 1712 2752 2184">
    <p class='ocr_par' dir='ltr' id='par_1_6' title="bbox 699 1712 2748 1799">
     <span class='ocr_line' id='line_1_14' title="bbox 699 1712 2748 1799; baseline 0.003 -23"><span class='ocrx_word' id='word_1_79' title='bbox 699 1712 812 1778; x_wconf 90' lang='lat' dir='ltr'>Me</span> <span class='ocrx_word' id='word_1_80' title='bbox 851 1714 1032 1779; x_wconf 83' lang='lat' dir='ltr'>homo</span> <span class='ocrx_word' id='word_1_81' title='bbox 1073 1735 1253 1780; x_wconf 72' lang='lat' dir='ltr'>nemo</span> <span class='ocrx_word' id='word_1_82' title='bbox 1298 1715 1759 1780; x_wconf 76' lang='lat' dir='ltr'><strong><em>deterruerit</em></strong></span> <span class='ocrx_word' id='word_1_83' title='bbox 1798 1717 1952 1799; x_wconf 77' lang='lat' dir='ltr'>quin</span> <span class='ocrx_word' id='word_1_84' title='bbox 1997 1735 2073 1780; x_wconf 86' lang='lat' dir='ltr'>ea</span> <span class='ocrx_word' id='word_1_85' title='bbox 2114 1716 2197 1780; x_wconf 82' lang='lat' dir='ltr'>sit</span> <span class='ocrx_word' id='word_1_86' title='bbox 2233 1715 2303 1779; x_wconf 75' lang='lat' dir='ltr'>in</span> <span class='ocrx_word' id='word_1_87' title='bbox 2333 1714 2433 1779; x_wconf 80' lang='lat' dir='ltr'>his</span> <span class='ocrx_word' id='word_1_88' title='bbox 2470 1716 2748 1783; x_wconf 75' lang='lat' dir='ltr'><strong><em>aedibus.</em></strong></span> 
     </span>
    </p>

    <p class='ocr_par' dir='ltr' id='par_1_7' title="bbox 517 1814 2752 2184">
     <span class='ocr_line' id='line_1_15' title="bbox 696 1814 2751 1900; baseline 0.001 -21"><span class='ocrx_word' id='word_1_89' title='bbox 696 1814 902 1880; x_wconf 76' lang='lat' dir='ltr'>detere</span> <span class='ocrx_word' id='word_1_90' title='bbox 942 1818 1040 1881; x_wconf 81' lang='lat' dir='ltr'>uti</span> <span class='ocrx_word' id='word_1_91' title='bbox 1080 1817 1132 1882; x_wconf 86' lang='lat' dir='ltr'>C</span> <span class='ocrx_word' id='word_1_92' title='bbox 1164 1818 1248 1900; x_wconf 88' lang='lat' dir='ltr'>D,</span> <span class='ocrx_word' id='word_1_93' title='bbox 1290 1817 1554 1883; x_wconf 79' lang='lat' dir='ltr'>deteruti</span> <span class='ocrx_word' id='word_1_94' title='bbox 1594 1818 1665 1885; x_wconf 92' lang='lat' dir='ltr'>B.</span> <span class='ocrx_word' id='word_1_95' title='bbox 1753 1817 1942 1882; x_wconf 87' lang='lat' dir='ltr'>Nunc</span> <span class='ocrx_word' id='word_1_96' title='bbox 1982 1827 2154 1882; x_wconf 89' lang='lat' dir='ltr'>recte</span> <span class='ocrx_word' id='word_1_97' title='bbox 2198 1839 2238 1881; x_wconf 86' lang='lat' dir='ltr'>a</span> <span class='ocrx_word' id='word_1_98' title='bbox 2279 1816 2751 1883; x_wconf 83' lang='lat' dir='ltr'>recentioribus</span> 
     </span>
     <span class='ocr_line' id='line_1_16' title="bbox 533 1914 2750 2005; baseline 0.004 -28"><span class='ocrx_word' id='word_1_99' title='bbox 533 1914 883 1982; x_wconf 82' lang='lat' dir='ltr'><strong>editoribus</strong></span> <span class='ocrx_word' id='word_1_100' title='bbox 928 1919 1198 2001; x_wconf 82' lang='lat' dir='ltr'>(Brixio,</span> <span class='ocrx_word' id='word_1_101' title='bbox 1254 1919 1577 2005; x_wconf 81' lang='lat' dir='ltr'>Ussingio,</span> <span class='ocrx_word' id='word_1_102' title='bbox 1633 1917 2019 1997; x_wconf 90' lang='lat' dir='ltr'>Ribbeckio)</span> <span class='ocrx_word' id='word_1_103' title='bbox 2064 1929 2324 2004; x_wconf 86' lang='lat' dir='ltr'>recepta</span> <span class='ocrx_word' id='word_1_104' title='bbox 2366 1929 2463 1984; x_wconf 81' lang='lat' dir='ltr'>est</span> <span class='ocrx_word' id='word_1_105' title='bbox 2505 1921 2750 1986; x_wconf 86' lang='lat' dir='ltr'>coniec—</span> 
     </span>
     <span class='ocr_line' id='line_1_17' title="bbox 523 2020 2752 2107; baseline 0.004 -30"><span class='ocrx_word' id='word_1_106' title='bbox 523 2025 675 2080; x_wconf 85' lang='lat' dir='ltr'>tura</span> <span class='ocrx_word' id='word_1_107' title='bbox 719 2020 1117 2084; x_wconf 89' lang='lat' dir='ltr'>Mauritii</span> <span class='ocrx_word' id='word_1_108' title='bbox 1160 2020 1445 2106; x_wconf 81' lang='lat' dir='ltr'>Haupt</span> <span class='ocrx_word' id='word_1_109' title='bbox 1489 2021 1642 2104; x_wconf 85' lang='lat' dir='ltr'>(ind.</span> <span class='ocrx_word' id='word_1_110' title='bbox 1681 2020 1819 2089; x_wconf 86' lang='lat' dir='ltr'>lect.</span> <span class='ocrx_word' id='word_1_111' title='bbox 1858 2020 2064 2088; x_wconf 89' lang='lat' dir='ltr'>Berol.</span> <span class='ocrx_word' id='word_1_112' title='bbox 2104 2031 2257 2089; x_wconf 81' lang='lat' dir='ltr'>aest.</span> <span class='ocrx_word' id='word_1_113' title='bbox 2290 2042 2347 2089; x_wconf 86' lang='lat' dir='ltr'>a.</span> <span class='ocrx_word' id='word_1_114' title='bbox 2386 2023 2549 2087; x_wconf 84' lang='lat'>1866</span> <span class='ocrx_word' id='word_1_115' title='bbox 2588 2045 2649 2107; x_wconf 92' lang='lat' dir='ltr'>p.</span> <span class='ocrx_word' id='word_1_116' title='bbox 2682 2023 2752 2106; x_wconf 86' lang='lat'>9)</span> 
     </span>
     <span class='ocr_line' id='line_1_18' title="bbox 517 2116 872 2184; baseline 0.014 -5"><span class='ocrx_word' id='word_1_117' title='bbox 517 2116 872 2184; x_wconf 75' lang='lat' dir='ltr'><strong><em>deterrebis.</em></strong></span> 
     </span>
    </p>
   </div>
   <div class='ocr_carea' id='block_1_7' title="bbox 670 2239 2750 2412">
    <p class='ocr_par' dir='ltr' id='par_1_8' title="bbox 670 2239 2750 2412">
     <span class='ocr_line' id='line_1_19' title="bbox 670 2239 2750 2326; baseline 0.003 -25"><span class='ocrx_word' id='word_1_118' title='bbox 670 2240 728 2304; x_wconf 86' lang='lat'>2.</span> <span class='ocrx_word' id='word_1_119' title='bbox 773 2239 951 2304; x_wconf 87' lang='lat' dir='ltr'><strong><em>Trin.</em></strong></span> <span class='ocrx_word' id='word_1_120' title='bbox 999 2240 1165 2305; x_wconf 83' lang='lat'>1023</span> <span class='ocrx_word' id='word_1_121' title='bbox 1207 2240 1490 2320; x_wconf 77' lang='lat' dir='ltr'>Quorum</span> <span class='ocrx_word' id='word_1_122' title='bbox 1527 2259 1696 2306; x_wconf 78' lang='lat' dir='ltr'>unus</span> <span class='ocrx_word' id='word_1_123' title='bbox 1732 2241 2261 2326; x_wconf 75' lang='lat' dir='ltr'>surripuerit</span> <span class='ocrx_word' id='word_1_124' title='bbox 2294 2241 2573 2306; x_wconf 80' lang='lat' dir='ltr'><strong><em>currenti</em></strong></span> <span class='ocrx_word' id='word_1_125' title='bbox 2609 2261 2750 2307; x_wconf 80' lang='lat' dir='ltr'>cur-</span> 
     </span>
     <span class='ocr_line' id='line_1_20' title="bbox 774 2339 1168 2412; baseline 0.015 -8"><span class='ocrx_word' id='word_1_126' title='bbox 774 2339 908 2406; x_wconf 81' lang='lat' dir='ltr'><strong><em>sori</em></strong></span> <span class='ocrx_word' id='word_1_127' title='bbox 947 2342 1168 2412; x_wconf 79' lang='lat' dir='ltr'>solum.</span> 
     </span>
    </p>
   </div>
   <div class='ocr_carea' id='block_1_8' title="bbox 520 2459 2752 2952">
    <p class='ocr_par' dir='ltr' id='par_1_9' title="bbox 520 2459 2752 2952">
     <span class='ocr_line' id='line_1_21' title="bbox 690 2459 2750 2545; baseline -0 -19"><span class='ocrx_word' id='word_1_128' title='bbox 690 2460 796 2526; x_wconf 90' lang='lat' dir='ltr'>Sic</span> <span class='ocrx_word' id='word_1_129' title='bbox 831 2459 1076 2524; x_wconf 86' lang='lat' dir='ltr'>Herm</span> <span class='ocrx_word' id='word_1_130' title='bbox 1098 2483 1286 2544; x_wconf 80' lang='lat' dir='ltr'>ann3</span> <span class='ocrx_word' id='word_1_131' title='bbox 1327 2461 1614 2540; x_wconf 75' lang='lat' dir='ltr'>Quorum</span> <span class='ocrx_word' id='word_1_132' title='bbox 1650 2478 1866 2525; x_wconf 80' lang='lat' dir='ltr'>eorum</span> <span class='ocrx_word' id='word_1_133' title='bbox 1899 2459 2079 2543; x_wconf 82' lang='lat' dir='ltr'>libri3</span> <span class='ocrx_word' id='word_1_134' title='bbox 2106 2460 2465 2545; x_wconf 79' lang='lat' dir='ltr'><strong><em>surrupuit</em></strong></span> <span class='ocrx_word' id='word_1_135' title='bbox 2487 2462 2562 2544; x_wconf 90' lang='lat' dir='ltr'>B,</span> <span class='ocrx_word' id='word_1_136' title='bbox 2585 2462 2750 2544; x_wconf 73' lang='lat' dir='ltr'><strong><em>sur-</em></strong></span> 
     </span>
     <span class='ocr_line' id='line_1_22' title="bbox 520 2548 2751 2646; baseline 0.002 -23"><span class='ocrx_word' id='word_1_137' title='bbox 520 2562 727 2645; x_wconf 76' lang='lat' dir='ltr'><strong><em>ripuit</em></strong></span> <span class='ocrx_word' id='word_1_138' title='bbox 746 2548 894 2646; x_wconf 69' lang='lat'>0133</span> <span class='ocrx_word' id='word_1_139' title='bbox 925 2562 1208 2641; x_wconf 81' lang='lat' dir='ltr'>Quorum</span> <span class='ocrx_word' id='word_1_140' title='bbox 1230 2583 1445 2628; x_wconf 80' lang='lat' dir='ltr'>eorum</span> <span class='ocrx_word' id='word_1_141' title='bbox 1467 2580 1638 2627; x_wconf 77' lang='lat' dir='ltr'>unus</span> <span class='ocrx_word' id='word_1_142' title='bbox 1658 2565 1989 2646; x_wconf 74' lang='lat' dir='ltr'>surpuerit</span> <span class='ocrx_word' id='word_1_143' title='bbox 1999 2563 2400 2628; x_wconf 84' lang='lat' dir='ltr'><strong><em>Lindemann</em></strong></span> <span class='ocrx_word' id='word_1_144' title='bbox 2423 2563 2588 2644; x_wconf 92' lang='grc'><strong>(6011.</strong></span> <span class='ocrx_word' id='word_1_145' title='bbox 2602 2563 2751 2630; x_wconf 88' lang='lat' dir='ltr'>Liv.</span> 
     </span>
     <span class='ocr_line' id='line_1_23' title="bbox 524 2662 2752 2749; baseline 0.001 -24"><span class='ocrx_word' id='word_1_146' title='bbox 524 2662 711 2744; x_wconf 87' lang='lat' dir='ltr'>VIII,</span> <span class='ocrx_word' id='word_1_147' title='bbox 754 2665 894 2748; x_wconf 74' lang='lat'><strong>37);</strong></span> <span class='ocrx_word' id='word_1_148' title='bbox 958 2664 1240 2744; x_wconf 77' lang='lat' dir='ltr'>Quorum</span> <span class='ocrx_word' id='word_1_149' title='bbox 1284 2665 1487 2729; x_wconf 81' lang='lat' dir='ltr'>hercle</span> <span class='ocrx_word' id='word_1_150' title='bbox 1530 2684 1698 2730; x_wconf 74' lang='lat' dir='ltr'>unus</span> <span class='ocrx_word' id='word_1_151' title='bbox 1740 2666 2068 2749; x_wconf 77' lang='lat' dir='ltr'>surpuerit</span> <span class='ocrx_word' id='word_1_152' title='bbox 2108 2664 2394 2747; x_wconf 82' lang='lat' dir='ltr'>Ritsch13</span> <span class='ocrx_word' id='word_1_153' title='bbox 2465 2664 2752 2746; x_wconf 79' lang='lat' dir='ltr'>Quorum</span> 
     </span>
     <span class='ocr_line' id='line_1_24' title="bbox 525 2766 2751 2847; baseline 0.002 -19"><span class='ocrx_word' id='word_1_154' title='bbox 525 2785 741 2831; x_wconf 79' lang='lat' dir='ltr'>eorum</span> <span class='ocrx_word' id='word_1_155' title='bbox 785 2768 909 2833; x_wconf 84' lang='lat' dir='ltr'>def.</span> <span class='ocrx_word' id='word_1_156' title='bbox 949 2768 1168 2832; x_wconf 81' lang='lat' dir='ltr'><strong><em>Haase</em></strong></span> <span class='ocrx_word' id='word_1_157' title='bbox 1215 2769 1298 2832; x_wconf 88' lang='lat' dir='ltr'>ad</span> <span class='ocrx_word' id='word_1_158' title='bbox 1335 2767 1502 2833; x_wconf 79' lang='lat' dir='ltr'>Reis.</span> <span class='ocrx_word' id='word_1_159' title='bbox 1540 2766 1735 2833; x_wconf 81' lang='lat' dir='ltr'>schol.</span> <span class='ocrx_word' id='word_1_160' title='bbox 1776 2767 1884 2830; x_wconf 91' lang='lat' dir='ltr'>lat.</span> <span class='ocrx_word' id='word_1_161' title='bbox 1926 2768 2141 2833; x_wconf 86' lang='lat' dir='ltr'>adnot.</span> <span class='ocrx_word' id='word_1_162' title='bbox 2177 2768 2301 2833; x_wconf 76' lang='lat'>379</span> <span class='ocrx_word' id='word_1_163' title='bbox 2345 2767 2512 2847; x_wconf 92' lang='grc'><strong>(6011.</strong></span> <span class='ocrx_word' id='word_1_164' title='bbox 2535 2766 2751 2835; x_wconf 84' lang='lat' dir='ltr'>Plaut.</span> 
     </span>
     <span class='ocr_line' id='line_1_25' title="bbox 532 2865 2667 2952; baseline 0.003 -22"><span class='ocrx_word' id='word_1_165' title='bbox 532 2865 683 2936; x_wconf 76' lang='lat' dir='ltr'>cist.</span> <span class='ocrx_word' id='word_1_166' title='bbox 730 2867 843 2951; x_wconf 89' lang='lat' dir='ltr'>IV,</span> <span class='ocrx_word' id='word_1_167' title='bbox 892 2869 1056 2949; x_wconf 78' lang='lat'>2‚23</span> <span class='ocrx_word' id='word_1_168' title='bbox 1101 2881 1163 2932; x_wconf 87' lang='lat' dir='ltr'>et</span> <span class='ocrx_word' id='word_1_169' title='bbox 1205 2869 1349 2934; x_wconf 88' lang='lat' dir='ltr'><strong><em>Ter.</em></strong></span> <span class='ocrx_word' id='word_1_170' title='bbox 1395 2868 1596 2933; x_wconf 86' lang='lat' dir='ltr'><strong><em>Andr.</em></strong></span> <span class='ocrx_word' id='word_1_171' title='bbox 1642 2869 1766 2950; x_wconf 83' lang='grc' dir='ltr'>ΙΙΙ,</span> <span class='ocrx_word' id='word_1_172' title='bbox 1810 2870 1870 2949; x_wconf 80' lang='grc'>2,</span> <span class='ocrx_word' id='word_1_173' title='bbox 1897 2869 1981 2952; x_wconf 85' lang='grc'>8).</span> <span class='ocrx_word' id='word_1_174' title='bbox 2054 2867 2417 2947; x_wconf 76' lang='lat' dir='ltr'>Quorumne</span> <span class='ocrx_word' id='word_1_175' title='bbox 2460 2868 2667 2936; x_wconf 90' lang='lat' dir='ltr'>Koch.</span> 
     </span>
    </p>
   </div>
   <div class='ocr_carea' id='block_1_9' title="bbox 523 2986 2758 3784">
    <p class='ocr_par' dir='ltr' id='par_1_10' title="bbox 523 2986 2758 3784">
     <span class='ocr_line' id='line_1_26' title="bbox 695 2986 2753 3073; baseline 0.001 -22"><span class='ocrx_word' id='word_1_176' title='bbox 695 2986 1063 3073; x_wconf 81' lang='lat' dir='ltr'>Utcumque</span> <span class='ocrx_word' id='word_1_177' title='bbox 1107 2989 1467 3054; x_wconf 83' lang='lat' dir='ltr'>iudicamus</span> <span class='ocrx_word' id='word_1_178' title='bbox 1512 2989 1592 3053; x_wconf 84' lang='lat' dir='ltr'>de</span> <span class='ocrx_word' id='word_1_179' title='bbox 1637 3011 1859 3053; x_wconf 83' lang='lat' dir='ltr'>versus</span> <span class='ocrx_word' id='word_1_180' title='bbox 1902 2989 2081 3053; x_wconf 89' lang='lat' dir='ltr'>initio</span> <span class='ocrx_word' id='word_1_181' title='bbox 2125 2989 2570 3070; x_wconf 87' lang='lat' dir='ltr'>instaurando,</span> <span class='ocrx_word' id='word_1_182' title='bbox 2632 2986 2753 3053; x_wconf 90' lang='lat' dir='ltr'>hoc</span> 
     </span>
     <span class='ocr_line' id='line_1_27' title="bbox 525 3089 2757 3155; baseline 0.001 -3"><span class='ocrx_word' id='word_1_183' title='bbox 525 3109 724 3152; x_wconf 88' lang='lat' dir='ltr'>unum</span> <span class='ocrx_word' id='word_1_184' title='bbox 761 3099 934 3154; x_wconf 83' lang='lat' dir='ltr'>certe</span> <span class='ocrx_word' id='word_1_185' title='bbox 963 3090 1307 3154; x_wconf 86' lang='lat' dir='ltr'>tenendum</span> <span class='ocrx_word' id='word_1_186' title='bbox 1346 3099 1441 3153; x_wconf 84' lang='lat' dir='ltr'>est</span> <span class='ocrx_word' id='word_1_187' title='bbox 1468 3090 1890 3155; x_wconf 86' lang='lat' dir='ltr'>indicativum</span> <span class='ocrx_word' id='word_1_188' title='bbox 1928 3090 2226 3154; x_wconf 89' lang='lat' dir='ltr'>unanimo</span> <span class='ocrx_word' id='word_1_189' title='bbox 2257 3089 2570 3153; x_wconf 86' lang='lat' dir='ltr'>librorum</span> <span class='ocrx_word' id='word_1_190' title='bbox 2608 3112 2757 3154; x_wconf 92' lang='lat' dir='ltr'>con-</span> 
     </span>
     <span class='ocr_line' id='line_1_28' title="bbox 523 3190 2753 3276; baseline 0 -21"><span class='ocrx_word' id='word_1_191' title='bbox 523 3213 712 3255; x_wconf 80' lang='lat' dir='ltr'>sensu</span> <span class='ocrx_word' id='word_1_192' title='bbox 743 3190 1191 3257; x_wconf 89' lang='lat' dir='ltr'>confirmatum</span> <span class='ocrx_word' id='word_1_193' title='bbox 1210 3193 1254 3270; x_wconf 90' lang='lat'>¹)</span> <span class='ocrx_word' id='word_1_194' title='bbox 1284 3213 1410 3256; x_wconf 94' lang='lat' dir='ltr'>non</span> <span class='ocrx_word' id='word_1_195' title='bbox 1435 3214 1572 3256; x_wconf 93' lang='grc'><strong>6666</strong></span> <span class='ocrx_word' id='word_1_196' title='bbox 1599 3193 1980 3256; x_wconf 85' lang='lat' dir='ltr'>mutandum</span> <span class='ocrx_word' id='word_1_197' title='bbox 2012 3193 2078 3254; x_wconf 94' lang='lat' dir='ltr'>in</span> <span class='ocrx_word' id='word_1_198' title='bbox 2105 3191 2585 3256; x_wconf 88' lang='lat' dir='ltr'>coniunctivum</span> <span class='ocrx_word' id='word_1_199' title='bbox 2613 3213 2753 3276; x_wconf 88' lang='lat' dir='ltr'>per-</span> 
     </span>
     <span class='ocr_line' id='line_1_29' title="bbox 523 3293 2758 3380; baseline -0 -23"><span class='ocrx_word' id='word_1_200' title='bbox 523 3295 698 3376; x_wconf 85' lang='lat' dir='ltr'>fecti,</span> <span class='ocrx_word' id='word_1_201' title='bbox 765 3295 1001 3380; x_wconf 87' lang='lat' dir='ltr'>quippe</span> <span class='ocrx_word' id='word_1_202' title='bbox 1062 3316 1206 3358; x_wconf 91' lang='lat' dir='ltr'>cum</span> <span class='ocrx_word' id='word_1_203' title='bbox 1266 3302 1584 3380; x_wconf 87' lang='lat' dir='ltr'>repugnet</span> <span class='ocrx_word' id='word_1_204' title='bbox 1642 3316 1795 3358; x_wconf 87' lang='grc'><strong>116116</strong></span> <span class='ocrx_word' id='word_1_205' title='bbox 1856 3315 1895 3356; x_wconf 90' lang='lat' dir='ltr'>a</span> <span class='ocrx_word' id='word_1_206' title='bbox 1938 3293 2171 3358; x_wconf 87' lang='lat' dir='ltr'>Plauto</span> <span class='ocrx_word' id='word_1_207' title='bbox 2216 3300 2584 3357; x_wconf 82' lang='lat' dir='ltr'>constanter</span> <span class='ocrx_word' id='word_1_208' title='bbox 2626 3312 2758 3356; x_wconf 83' lang='lat' dir='ltr'>ser-</span> 
     </span>
     <span class='ocr_line' id='line_1_30' title="bbox 526 3394 2756 3481; baseline -0.002 -21"><span class='ocrx_word' id='word_1_209' title='bbox 526 3405 734 3460; x_wconf 81' lang='lat' dir='ltr'>vatus.</span> <span class='ocrx_word' id='word_1_210' title='bbox 801 3397 1038 3461; x_wconf 82' lang='lat' dir='ltr'>Vocem</span> <span class='ocrx_word' id='word_1_211' title='bbox 1067 3417 1232 3479; x_wconf 88' lang='lat' dir='ltr'>quae</span> <span class='ocrx_word' id='word_1_212' title='bbox 1269 3405 1364 3458; x_wconf 83' lang='lat' dir='ltr'>est</span> <span class='ocrx_word' id='word_1_213' title='bbox 1399 3413 1569 3460; x_wconf 78' lang='lat' dir='ltr'>unus</span> <span class='ocrx_word' id='word_1_214' title='bbox 1605 3394 1889 3481; x_wconf 86' lang='lat' dir='ltr'>plerique</span> <span class='ocrx_word' id='word_1_215' title='bbox 1916 3396 2007 3458; x_wconf 88' lang='lat' dir='ltr'>ita</span> <span class='ocrx_word' id='word_1_216' title='bbox 2041 3402 2446 3480; x_wconf 85' lang='lat' dir='ltr'>acceperunt,</span> <span class='ocrx_word' id='word_1_217' title='bbox 2484 3401 2557 3457; x_wconf 84' lang='lat' dir='ltr'>ut</span> <span class='ocrx_word' id='word_1_218' title='bbox 2592 3402 2756 3457; x_wconf 82' lang='lat' dir='ltr'>esset</span> 
     </span>
     <span class='ocr_line' id='line_1_31' title="bbox 525 3493 2752 3583; baseline -0.001 -23"><span class='ocrx_word' id='word_1_219' title='bbox 525 3520 641 3583; x_wconf 87' lang='lat' dir='ltr'>pro</span> <span class='ocrx_word' id='word_1_220' title='bbox 699 3496 955 3580; x_wconf 81' lang='lat' dir='ltr'><strong><em>quidam</em></strong></span> <span class='ocrx_word' id='word_1_221' title='bbox 997 3523 1075 3554; x_wconf 71' lang='grc' dir='ltr'>ε</span> <span class='ocrx_word' id='word_1_222' title='bbox 1118 3493 1241 3577; x_wconf 81' lang='grc' dir='ltr'><strong><em>τὶς,</em></strong></span> <span class='ocrx_word' id='word_1_223' title='bbox 1331 3497 1548 3580; x_wconf 74' lang='lat' dir='ltr'><strong><em>wofi’lr</em></strong></span> <span class='ocrx_word' id='word_1_224' title='bbox 1600 3499 1728 3562; x_wconf 88' lang='lat' dir='ltr'><strong><em>wir</em></strong></span> <span class='ocrx_word' id='word_1_225' title='bbox 1786 3496 1880 3579; x_wconf 80' lang='lat' dir='ltr'>ofl</span> <span class='ocrx_word' id='word_1_226' title='bbox 1923 3496 2143 3583; x_wconf 79' lang='lat' dir='ltr'>jeder</span> <span class='ocrx_word' id='word_1_227' title='bbox 2198 3514 2390 3581; x_wconf 74' lang='lat' dir='ltr'>sayen</span> <span class='ocrx_word' id='word_1_228' title='bbox 2446 3495 2638 3578; x_wconf 85' lang='lat' dir='ltr'>(Brix</span> <span class='ocrx_word' id='word_1_229' title='bbox 2691 3514 2752 3558; x_wconf 85' lang='lat' dir='ltr'>a.</span> 
     </span>
     <span class='ocr_line' id='line_1_32' title="bbox 526 3598 2756 3684; baseline -0.001 -23"><span class='ocrx_word' id='word_1_230' title='bbox 526 3600 583 3665; x_wconf 90' lang='lat' dir='ltr'>h.</span> <span class='ocrx_word' id='word_1_231' title='bbox 628 3599 719 3678; x_wconf 84' lang='grc'><strong>1.).</strong></span> <span class='ocrx_word' id='word_1_232' title='bbox 806 3598 929 3662; x_wconf 88' lang='lat' dir='ltr'>Sed</span> <span class='ocrx_word' id='word_1_233' title='bbox 974 3598 1130 3661; x_wconf 90' lang='lat' dir='ltr'>mihi</span> <span class='ocrx_word' id='word_1_234' title='bbox 1184 3599 1440 3684; x_wconf 84' lang='lat' dir='ltr'>quidem</span> <span class='ocrx_word' id='word_1_235' title='bbox 1484 3601 1545 3661; x_wconf 91' lang='lat' dir='ltr'>h.</span> <span class='ocrx_word' id='word_1_236' title='bbox 1591 3598 1627 3661; x_wconf 85' lang='lat' dir='ltr'>l.</span> <span class='ocrx_word' id='word_1_237' title='bbox 1677 3600 1940 3683; x_wconf 89' lang='lat' dir='ltr'>propria</span> <span class='ocrx_word' id='word_1_238' title='bbox 1995 3600 2130 3663; x_wconf 82' lang='lat' dir='ltr'>eius</span> <span class='ocrx_word' id='word_1_239' title='bbox 2176 3599 2349 3665; x_wconf 83' lang='lat' dir='ltr'>vocis</span> <span class='ocrx_word' id='word_1_240' title='bbox 2394 3598 2493 3662; x_wconf 84' lang='lat' dir='ltr'>vis</span> <span class='ocrx_word' id='word_1_241' title='bbox 2538 3616 2756 3660; x_wconf 90' lang='lat' dir='ltr'>nume-</span> 
     </span>
     <span class='ocr_line' id='line_1_33' title="bbox 527 3695 2752 3784; baseline -0.003 -22"><span class='ocrx_word' id='word_1_242' title='bbox 527 3699 680 3763; x_wconf 79' lang='lat' dir='ltr'>ralis</span> <span class='ocrx_word' id='word_1_243' title='bbox 750 3699 1031 3764; x_wconf 89' lang='lat' dir='ltr'>deminui</span> <span class='ocrx_word' id='word_1_244' title='bbox 1095 3721 1221 3765; x_wconf 88' lang='lat' dir='ltr'>von</span> <span class='ocrx_word' id='word_1_245' title='bbox 1291 3700 1568 3781; x_wconf 86' lang='lat' dir='ltr'>videtur,</span> <span class='ocrx_word' id='word_1_246' title='bbox 1651 3700 1716 3763; x_wconf 90' lang='lat' dir='ltr'>id</span> <span class='ocrx_word' id='word_1_247' title='bbox 1784 3700 1955 3784; x_wconf 93' lang='lat' dir='ltr'>quod</span> <span class='ocrx_word' id='word_1_248' title='bbox 2019 3699 2263 3764; x_wconf 88' lang='lat' dir='ltr'>indicat</span> <span class='ocrx_word' id='word_1_249' title='bbox 2326 3695 2752 3781; x_wconf 82' lang='lat' dir='ltr'>singularis</span> 
     </span>
    </p>
   </div>
   <div class='ocr_carea' id='block_1_10' title="bbox 522 3943 2753 4185">
    <p class='ocr_par' dir='ltr' id='par_1_11' title="bbox 522 3943 2753 4185">
     <span class='ocr_line' id='line_1_34' title="bbox 706 3943 2750 4006; baseline -0 -14"><span class='ocrx_word' id='word_1_250' title='bbox 706 3943 744 4002; x_wconf 87' lang='lat'>¹)</span> <span class='ocrx_word' id='word_1_251' title='bbox 782 3946 858 3994; x_wconf 87' lang='lat' dir='ltr'>De</span> <span class='ocrx_word' id='word_1_252' title='bbox 912 3947 1134 3993; x_wconf 80' lang='lat' dir='ltr'>numeris</span> <span class='ocrx_word' id='word_1_253' title='bbox 1184 3949 1272 4005; x_wconf 75' lang='lat' dir='ltr'>qui</span> <span class='ocrx_word' id='word_1_254' title='bbox 1327 3952 1444 3994; x_wconf 85' lang='lat' dir='ltr'>sunt</span> <span class='ocrx_word' id='word_1_255' title='bbox 1494 3946 1540 3995; x_wconf 84' lang='lat' dir='ltr'>h.</span> <span class='ocrx_word' id='word_1_256' title='bbox 1597 3947 1629 3995; x_wconf 90' lang='lat'>1.</span> <span class='ocrx_word' id='word_1_257' title='bbox 1684 3949 1734 3993; x_wconf 89' lang='lat' dir='ltr'>in</span> <span class='ocrx_word' id='word_1_258' title='bbox 1771 3944 1930 3993; x_wconf 78' lang='lat' dir='ltr'>forma</span> <span class='ocrx_word' id='word_1_259' title='bbox 1969 3947 2235 4006; x_wconf 63' lang='lat' dir='ltr'>sarrupuft</span> <span class='ocrx_word' id='word_1_260' title='bbox 2273 3945 2400 3994; x_wconf 78' lang='lat' dir='ltr'>conf.</span> <span class='ocrx_word' id='word_1_261' title='bbox 2441 3943 2574 3993; x_wconf 83' lang='lat' dir='ltr'>Men.</span> <span class='ocrx_word' id='word_1_262' title='bbox 2622 3946 2750 3991; x_wconf 85' lang='lat'>1138</span> 
     </span>
     <span class='ocr_line' id='line_1_35' title="bbox 522 4027 2753 4096; baseline -0.003 -15"><span class='ocrx_word' id='word_1_263' title='bbox 522 4034 724 4091; x_wconf 79' lang='lat' dir='ltr'><em>pallam</em></span> <span class='ocrx_word' id='word_1_264' title='bbox 757 4036 1011 4094; x_wconf 62' lang='lat' dir='ltr'>surrupui</span> <span class='ocrx_word' id='word_1_265' title='bbox 1039 4034 1239 4081; x_wconf 82' lang='lat' dir='ltr'>dudum</span> <span class='ocrx_word' id='word_1_266' title='bbox 1277 4034 1446 4082; x_wconf 77' lang='lat' dir='ltr'>domo,</span> <span class='ocrx_word' id='word_1_267' title='bbox 1501 4033 1731 4082; x_wconf 81' lang='lat' dir='ltr'>Ceterum</span> <span class='ocrx_word' id='word_1_268' title='bbox 1766 4034 1980 4081; x_wconf 83' lang='lat' dir='ltr'>scribere</span> <span class='ocrx_word' id='word_1_269' title='bbox 2014 4032 2135 4080; x_wconf 85' lang='lat' dir='ltr'>licet</span> <span class='ocrx_word' id='word_1_270' title='bbox 2174 4035 2322 4084; x_wconf 79' lang='lat' dir='ltr'>etiam</span> <span class='ocrx_word' id='word_1_271' title='bbox 2348 4034 2568 4096; x_wconf 76' lang='lat' dir='ltr'>surpuit.</span> <span class='ocrx_word' id='word_1_272' title='bbox 2627 4027 2753 4090; x_wconf 79' lang='lat' dir='ltr'>(Qua</span> 
     </span>
     <span class='ocr_line' id='line_1_36' title="bbox 528 4120 1903 4185; baseline -0.001 -18"><span class='ocrx_word' id='word_1_273' title='bbox 528 4120 588 4167; x_wconf 87' lang='lat' dir='ltr'>de</span> <span class='ocrx_word' id='word_1_274' title='bbox 628 4121 779 4168; x_wconf 77' lang='lat' dir='ltr'>forma</span> <span class='ocrx_word' id='word_1_275' title='bbox 819 4122 947 4169; x_wconf 77' lang='lat' dir='ltr'>conf.</span> <span class='ocrx_word' id='word_1_276' title='bbox 988 4121 1183 4171; x_wconf 78' lang='lat' dir='ltr'>Ritsehl</span> <span class='ocrx_word' id='word_1_277' title='bbox 1220 4121 1357 4171; x_wconf 79' lang='lat' dir='ltr'>Ptol.</span> <span class='ocrx_word' id='word_1_278' title='bbox 1398 4121 1572 4172; x_wconf 77' lang='lat' dir='ltr'>Plaut.</span> <span class='ocrx_word' id='word_1_279' title='bbox 1609 4135 1656 4182; x_wconf 87' lang='lat' dir='ltr'>p.</span> <span class='ocrx_word' id='word_1_280' title='bbox 1700 4123 1764 4168; x_wconf 84' lang='grc'>95</span> <span class='ocrx_word' id='word_1_281' title='bbox 1807 4122 1903 4185; x_wconf 77' lang='lat' dir='ltr'>sq.)</span> 
     </span>
    </p>
   </div>
  </div>
 </body>
</html>
