3116 4790
1614 377 1695 442 58

706 572 993 636 Pertinet
1050 574 1248 657 igitur
1305 574 1464 639 illud
1525 576 1992 657 confzdaverim
2032 579 2114 642 ad
2160 575 2771 640 condicionalem

542 673 1055 738 enuntiationem.
1138 674 1353 760 Atque
1388 674 1683 741 versibus
1722 677 1813 741 sic
1847 678 2169 763 dispositis
2205 679 2527 763 aptissime
2562 676 2771 741 locum

540 794 725 836 suum
787 773 1048 859 explent
1107 774 1311 840 verba
1364 775 1476 839 illa
1519 776 1670 841 sede
1712 800 1830 842 sua
1873 779 2022 844 olim
2065 778 2335 866 depulsa
2359 781 2425 862 ¹).
2513 779 2771 843 Etenim

540 895 685 938 cum
741 874 1130 939 Diniarchus
1192 874 1467 940 affirmet
1522 898 1661 941 sese
1717 889 1927 943 aetate
1986 891 2048 944 et
2111 903 2232 945 usu
2288 882 2416 945 iam
2475 881 2769 948 edoctum

539 975 727 1041 facile
785 997 1000 1041 omnes
1059 977 1551 1043 calumniatores
1608 978 2087 1045 confutaturum
2129 1003 2284 1063 esse,
2350 983 2510 1050 scite
2553 981 2770 1046 statim

543 1077 824 1142 adicitur
869 1078 1213 1162 descriptio
1256 1078 1573 1143 ridiculae
1616 1081 1903 1162 rationis,
1967 1103 2099 1168 qua
2142 1083 2399 1148 tandem
2442 1086 2507 1148 in
2550 1083 2769 1149 confu-

547 1179 742 1244 tando
786 1201 1023 1244 usurus
1067 1180 1169 1246 sit.

709 1300 1018 1364 Venimus
1061 1299 1145 1364 ad
1183 1298 1343 1364 duos
1378 1298 1550 1364 locos
1586 1299 1914 1365 Plautinos
1954 1321 1993 1363 a
2027 1300 2320 1366 Brixio
2357 1303 2768 1368 coniectando

540 1410 838 1467 mutatos.

689 1522 748 1588 4.
795 1520 931 1588 Mil.
976 1545 1038 1586 v.
1081 1521 1210 1585 690
1250 1522 1315 1583 in
1359 1521 1496 1584 eius
1540 1520 1818 1584 editione
1859 1521 1951 1584 sic
1993 1519 2263 1602 legitur:

549 1640 787 1707 Dicat:
829 1640 935 1705 ‘da
975 1639 1153 1722 mihi,
1194 1642 1319 1722 vir,
1367 1638 1681 1705 Kalendis
1715 1658 1919 1704 meam
1958 1639 2068 1723 qui
2103 1642 2367 1703 matrem
2398 1640 2527 1702 iuv
2542 1639 2764 1707 erim!

707 1760 784 1824 In
829 1759 1046 1824 adnot.
1084 1761 1228 1824 crit.
1278 1765 1364 1844 (p.
1413 1759 1561 1840 143)
1608 1756 1860 1822 scribit:
1931 1757 2205 1822 iuverim
2251 1755 2383 1838 Bx,
2440 1778 2767 1820 munerem

541 1859 610 1924 R
652 1862 965 1945 ansto'ssiy
1004 1879 1218 1945 weqen
1261 1859 1372 1925 der
1421 1858 1895 1943 Wiederholwzy
1928 1859 1995 1922 in
2036 1857 2191 1940 693,
2236 1858 2399 1923 auch
2435 1858 2633 1923 durch
2668 1857 2769 1922 die

553 1960 1060 2046 Ueberlieferunq
1116 1961 1319 2046 weniy
1379 1960 1759 2044 empfohlen,
1824 1960 1982 2025 devm
2042 1960 2107 2025 B
2136 1960 2189 2026 C
2240 1961 2488 2026 venerit
2552 1961 2643 2042 (in
2706 1959 2772 2025 B

542 2063 781 2126 iuverit
822 2060 1540 2145 daraberyeschrieben),
1583 2061 1653 2126 D
1695 2064 1964 2128 uenerit.
2044 2064 2260 2148 Atque
2302 2062 2474 2126 infra
2518 2072 2768 2127 textum

545 2166 843 2229 adnotat:
890 2164 1165 2229 iuverim
1199 2166 1510 2246 potential
1550 2166 1675 2230 wie
1715 2165 1985 2250 gesserit
2031 2162 2208 2230 Trin.
2259 2165 2408 2245 139,
2452 2164 2769 2228 voluerim

543 2267 715 2352 Capt.
763 2265 865 2347 11,
923 2267 992 2347 2,
1012 2265 1123 2346 59,
1189 2264 1418 2329 luseris
1473 2266 1551 2330 ib.
1613 2265 1727 2346 94,
1788 2266 2095 2331 occiderit
2141 2265 2374 2333 Pseud.
2421 2264 2480 2347 I,
2519 2267 2586 2346 3,
2618 2266 2767 2348 116,

539 2370 735 2434 fuerit
788 2365 974 2433 Poen.
1035 2366 1106 2451 V,
1147 2366 1361 2450 2,13;
1407 2387 1456 2431 s.
1504 2366 1644 2434 Cas,
1692 2366 1788 2449 ΙΙ,
1837 2367 2110 2450 7,1--3.

703 2487 991 2551 Primum
1046 2508 1145 2549 me
1190 2508 1313 2551 non
1356 2487 1731 2571 intellegere
1772 2487 2000 2568 fateor,
2041 2507 2319 2572 quonam
2365 2486 2549 2550 modo
2595 2488 2767 2550 iuve-

534 2588 660 2652 rim
719 2589 920 2671 possit
977 2609 1111 2651 esse
1168 2587 1429 2651 modus
1487 2587 1994 2671 ‘potentialis’.
2086 2589 2306 2652 Potius
2366 2588 2419 2651 si
2484 2588 2768 2671 genuina

536 2690 739 2755 verba
784 2700 1113 2754 assecutus
1157 2698 1320 2753 esset
1357 2690 1459 2753 vir
1502 2689 1928 2769 doctissimus,
1973 2688 2193 2752 eodem
2231 2688 2415 2752 modo
2461 2686 2523 2750 h.
2572 2686 2611 2751 1.
2657 2689 2770 2769 qui

534 2793 694 2878 perf.
757 2793 1235 2858 coniunctivum
1296 2792 1623 2872 adscisset,
1694 2812 1820 2876 quo
1881 2791 2250 2875 saepissime
2302 2791 2371 2854 in
2416 2788 2764 2853 enuntiatis

537 2892 838 2960 finalibus
902 2894 1328 2979 antiquissimi
1385 2894 1869 2959 coniunctivum
1928 2891 2193 2977 perfecti
2260 2889 2584 2976 ponebant
2650 2911 2766 2975 pro

537 2999 891 3083 praesentis
953 2996 1057 3060 vel
1116 2995 1320 3059 futuri
1377 2996 1817 3063 coniunctivo:
1891 2994 2041 3058 vide
2082 3014 2282 3078 supra
2326 3016 2385 3077 p.
2427 2993 2469 3055 4
2514 3003 2641 3057 not.
2691 2994 2767 3074 7.,

536 3098 866 3164 Luebbert
911 3099 964 3164 l.
1006 3121 1066 3182 p.
1110 3097 1210 3161 39.
1293 3095 1417 3161 Sed
1463 3118 1779 3183 nusquam
1820 3119 2027 3183 neque
2069 3098 2182 3179 qui
2201 3094 2253 3180 2)
2294 3117 2499 3180 neque
2541 3095 2698 3178 qui-n
2718 3093 2767 3174 3)

535 3220 680 3265 cum
734 3198 855 3263 hoc
908 3198 1172 3262 ‘aoristi’
1216 3198 1628 3262 coniunctivo
1673 3198 2039 3262 consociata
2081 3197 2514 3261 inveniuntur.
2603 3194 2769 3274 Quis

533 3299 735 3383 igitur
794 3319 878 3361 ex
933 3299 1376 3361 coniectura
1434 3296 1664 3364 Plauto
1720 3322 1866 3364 eum
1911 3321 2096 3364 usum
2144 3296 2431 3361 tribuere
2476 3296 2766 3361 audeat?

533 3399 870 3464 Ritschelii
928 3407 1144 3462 autem
1205 3400 1712 3464 emendationem
1773 3401 1966 3465 etiam
2021 3398 2320 3463 Ribbeck
2372 3398 2440 3460 in
2490 3397 2768 3464 editione

714 3644 753 3701 1)
792 3645 871 3692 De
900 3644 1262 3705 supplementis
1293 3643 1354 3691 ad
1383 3644 1534 3692 huius
1575 3646 1771 3693 fabulae
1809 3646 2069 3709 archetypi
2107 3649 2384 3707 marginem
2408 3643 2679 3705 adscriptis
2718 3645 2767 3687 et

536 3748 564 3781 a
601 3733 830 3780 librariis
869 3737 1044 3794 postea
1081 3733 1209 3780 male
1245 3732 1453 3780 insertis
1492 3732 1607 3779 vide
1647 3731 1949 3780 Schoell.
1988 3737 2146 3795 praef.
2187 3748 2233 3794 p.
2272 3732 2487 3783 XXXII.

714 3835 756 3895 2)
793 3837 923 3885 Vide
959 3837 1236 3885 Kionitz
1274 3838 1308 3885 l.
1346 3852 1386 3887 s.
1425 3850 1464 3884 s.

714 3940 756 3998 3)
791 3942 921 3990 Vide
959 3942 1123 3990 eiusd.
1164 3943 1634 3990 commentatmnem
1683 3941 1743 3988 de
1781 3943 1910 4004 quin
1944 3947 2072 4003 part.
2113 3956 2205 3989 usu
2243 3941 2573 4002 (Karlsruhae
2613 3940 2765 3986 1878.

538 4030 621 4085 4.).
683 4028 1004 4088 Logicum
1043 4033 1238 4076 tantum
1276 4030 1554 4088 perfectum
1605 4031 1701 4085 (res
1736 4030 2031 4090 praeteritas
2070 4029 2383 4087 significans)
2419 4030 2621 4078 obvium
2661 4030 2755 4088 est:

539 4130 579 4166 e.
617 4130 662 4182 g.
700 4115 865 4165 Plaut.
908 4115 1087 4170 Bacch.
1131 4116 1278 4174 1012,
1317 4115 1455 4166 Pers.
1500 4118 1582 4177 56,
1619 4115 1802 4178 Amph.
1843 4117 1975 4165 1054
2013 4115 2237 4173 (Kienitz
2271 4117 2304 4165 l.
2343 4130 2382 4164 s.
2420 4130 2458 4164 s.
2484 4130 2533 4185 p.
2562 4118 2628 4164 20
2658 4119 2765 4182 sq.).
