3116 4790
1552 335 1636 401 38

1519 644 1578 722 ἓ.
1620 643 1680 709 4.

492 761 583 818 De
618 759 997 816 coniunctivi
1033 760 1300 831 perfecti
1339 760 1531 818 activi
1570 776 1694 818 usu
1730 761 1794 816 in
1832 761 1923 818 eis
1960 760 2350 817 secundariis
2376 758 2718 816 enuntiatis

623 846 1176 916 condicionalibus,
1215 863 1479 917 quorum
1513 849 1882 920 primarium
1920 847 2307 904 enuntiatum
2345 846 2597 902 aliunde

1481 938 1732 1008 pendet.

660 1041 970 1107 Venimus
1024 1062 1194 1107 nunc
1236 1042 1320 1107 ad
1365 1065 1468 1109 eos
1510 1043 1702 1127 locos,
1765 1035 2269 1127 ubi'apodoseos
2311 1038 2584 1105 verbum
2625 1046 2723 1103 est

503 1150 617 1207 aut
656 1140 1009 1207 infinitivus
1061 1151 1178 1207 aut
1228 1145 1674 1211 coniunctivus
1718 1142 1980 1208 aliunde
2020 1163 2392 1228 suspensus:
2468 1163 2599 1228 qua
2642 1141 2724 1206 de

498 1262 571 1308 re
605 1242 766 1312 conf.
804 1265 1003 1330 supra
1028 1267 1090 1330 p.
1121 1245 1202 1310 13
1238 1268 1330 1332 sq.
1399 1245 1738 1311 Protaseos
1777 1253 1995 1310 autem
2025 1244 2470 1311 coniunctivus
2501 1252 2724 1309 utrum

495 1346 567 1410 in
622 1345 930 1410 eiusmodi
972 1355 1304 1413 structura
1346 1349 1429 1413 sit
1470 1347 1829 1430 absolutus,
1886 1368 1967 1412 an
2011 1341 2320 1412 orationis
2363 1347 2727 1410 inversione

501 1448 788 1530 effectus,
847 1448 914 1513 id
958 1449 1308 1535 quaeritur.
1393 1451 1616 1516 Prisca
1660 1460 1877 1516 autem
1921 1458 2134 1515 aetate
2154 1449 2203 1534 ¹)
2244 1448 2728 1535 hypotacticam

503 1571 670 1635 quae
711 1548 947 1614 dicitur
992 1552 1306 1617 rationem
1347 1561 1421 1616 ut
1461 1550 1745 1637 alioquin
1789 1552 1880 1617 sic
1925 1552 1990 1614 in
2036 1551 2471 1617 enuntiatione
2513 1552 2731 1617 condi-

499 1650 730 1716 cionali
772 1651 1032 1717 aliunde
1075 1674 1382 1739 suspensa
1428 1653 1713 1718 nondum
1763 1663 1898 1718 tam
1939 1652 2071 1718 late
2114 1672 2310 1740 quam
2351 1663 2575 1740 postea
2617 1676 2731 1740 pa·

503 1754 699 1818 tuisse
743 1776 892 1818 cum
934 1776 1050 1841 per
1090 1776 1157 1819 se
1196 1754 1386 1820 facile
1425 1755 1691 1820 concedi
1732 1764 1964 1841 potest,
2026 1765 2164 1819 tum
2209 1755 2616 1841 exploratum
2656 1756 2724 1821 id

508 1855 833 1920 redditum
868 1866 963 1921 est
1003 1857 1322 1921 accuratis
1363 1856 1640 1942 Liebigii
1661 1855 1713 1940 2)
1758 1865 1822 1921 et
1866 1856 2229 1923 Schroeteri
2246 1857 2298 1940 ³)
2342 1857 2721 1944 disquisitio·

512 1956 719 2036 nibus.
795 1958 1089 2045 Namque
1122 1966 1186 2022 et
1220 1958 1607 2024 indicativus
1644 1959 1711 2022 in
1744 1958 2007 2046 obliqua
2034 1959 2321 2025 oratione
2349 1960 2635 2025 occurrit
2649 1957 2721 2040 4),

515 2067 580 2124 et
609 2059 726 2124 ubi
757 2061 1198 2126 coniunctivus
1227 2069 1323 2123 est
1350 2061 1616 2146 positae,
1659 2060 1752 2125 ibi
1788 2060 2161 2148 plerumque
2198 2063 2392 2126 etiam
2421 2062 2487 2124 in
2518 2060 2724 2124 libera

515 2169 578 2225 et
643 2161 939 2226 absoluta
1001 2163 1287 2227 oratione
1346 2164 1498 2247 poni
1568 2172 1684 2227 aut
1746 2163 1937 2228 debet
2005 2173 2120 2229 aut
2175 2173 2406 2250 potest.
2512 2162 2733 2228 Veluti

514 2262 690 2348 apud
732 2263 987 2330 Lucret.
1030 2262 1157 2345 111,
1183 2263 1306 2328 208
1351 2262 1556 2346 (Haec
1610 2284 1853 2348 quoque
1903 2285 2008 2330 ‘res
2062 2267 2248 2331 etiam
2289 2269 2591 2331 naturam
2634 2262 2735 2328 de-

517 2364 684 2431 dicat
725 2366 882 2448 eius,
922 2384 1112 2450 quam
1152 2365 1324 2432 tenui
1364 2371 1594 2433 constet
1629 2371 1906 2450 textura,
1962 2386 2273 2453 quamque
2316 2369 2446 2434 loco
2485 2386 2553 2431 se
2596 2385 2736 2432 con-

506 2468 698 2534 tineat
708 2489 946 2553 parvO,
973 2470 1032 2534 si
1043 2470 1251 2555 possit
1273 2471 1751 2555 conqlomera‘rd)
1778 2480 1990 2535 manet
2014 2472 2462 2538 coniunctivus
2487 2471 2735 2555 (poten-

509 2569 704 2649 tialis)
727 2581 790 2634 et
810 2571 873 2633 in
896 2572 1139 2656 protasi
1167 2580 1230 2635 et
1250 2572 1315 2634 in
1339 2571 1601 2657 apodosi
1628 2572 1822 2635 etiam
1847 2572 2078 2636 omissa
2101 2573 2603 2659 interrogatione
2624 2569 2734 2634 ob-

500 2671 705 2761 liqua.
772 2672 1011 2737 Contra
1053 2673 1247 2759 paulo
1290 2674 1546 2738 maioris
1587 2674 1909 2756 momenti,
1953 2697 2147 2761 quam
2183 2667 2634 2741 coniunctivus
2665 2673 2733 2737 in

514 2773 780 2859 apodosi
821 2774 1088 2860 positus,
1153 2774 1237 2838 ad
1293 2774 1552 2839 modum
1609 2775 1794 2841 verbi
1850 2776 1918 2842 in
1975 2778 2222 2862 protasi
2282 2775 2732 2842 inflectendum

520 2884 615 2940 est
656 2873 959 2941 infinitivi
1000 2884 1328 2941 structura
1347 2876 1413 2958 ⁵).
1500 2877 1848 2942 Praeterea
1899 2900 2146 2965 semper
2187 2879 2587 2966 respicienda
2632 2886 2730 2944 est

516 2985 840 3062 protaseos
883 2977 1235 3044 collocatio:
1286 2977 1436 3043 vide
1477 2978 1647 3043 infra
1691 3002 1753 3065 p.
1797 2979 1900 3048 45.

699 3251 748 3317 ¹)
782 3252 856 3302 De
891 3255 1128 3303 classicae
1153 3267 1279 3315 quae
1310 3254 1593 3315 appellatur
1630 3254 1916 3304 latinitatis
1955 3268 2047 3302 usu
2087 3256 2215 3303 conf.
2257 3268 2298 3302 e.
2334 3267 2381 3313 g.
2401 3251 2640 3314 Meiring‚
2676 3252 2733 3301 L.

515 3343 603 3393 Gr.
641 3344 686 3401 §-
724 3344 841 3390 716.
1038 3337 1041 3346 “

685 3429 728 3490 2)
761 3432 794 3479 l.
821 3445 859 3479 s.
883 3444 923 3479 s.
943 3443 994 3490 p.
1022 3431 1117 3477 29:
1169 3429 1340 3478 Sumit
1363 3431 1501 3479 ωᾶνε
1524 3428 1606 3477 dic
1627 3430 1757 3477 Zahl
1794 3428 1880 3477 der
1901 3429 2111 3485 Sallen,
2152 3429 2211 3474 tn
2238 3426 2402 3475 denen
2439 3428 2521 3477 bei
2547 3430 2735 3478 Termz

512 3521 602 3571 der
640 3521 701 3571 B.
738 3520 789 3569 S.
823 3518 1210 3579 unzweifelhas't
1260 3518 1322 3564 in
1358 3517 1445 3565 der
1481 3517 1639 3565 Form
1678 3515 1767 3564 der
1802 3515 2180 3577 Abheinqiykeit
2227 3528 2331 3562 von
2365 3519 2534 3566 ciuem
2568 3522 2732 3581 reqio-

513 3609 706 3659 renam
729 3610 1050 3669 Hauptoatze
1087 3605 1286 3664 suanae,
1322 3608 1433 3653 eine
1468 3606 1579 3654 sehr
1614 3607 1834 3667 yorinye.
1951 3671 1954 3674 Δ

687 3693 734 3757 3)
769 3698 804 3744 l.
841 3710 881 3744 s.
918 3709 957 3743 s.
995 3708 1044 3755 p.
1086 3696 1180 3743 24:
1241 3695 1363 3742 Alco
1400 3707 1505 3741 von
1541 3692 1640 3740 den
1692 3693 1893 3741 nahezu
1930 3693 2034 3742 300
2070 3694 2603 3757 Redinyunqaaeitzm,
2654 3694 2737 3743 die

514 3789 573 3835 in
609 3785 709 3834 dm
740 3785 870 3832 7393
919 3784 1103 3832 Ver-sen
1139 3782 1224 3831 des
1257 3782 1450 3829 Lucrcz
1484 3781 1823 3839 vorkommen,
1876 3764 1995 3829 sind
2041 3797 2144 3831 nur
2187 3783 2319 3847 ffmf
2347 3797 2402 3832 oo
2438 3784 2734 3847 beschaffm‚

515 3877 633 3925 dau
671 3873 752 3922 die
779 3873 954 3932 Fraye,
992 3871 1054 3919 ob
1091 3871 1163 3917 sie
1199 3870 1458 3931 abhc’inyiy
1495 3870 1628 3927 sind,
1663 3872 2033 3933 aufqeworfen,
2071 3884 2175 3918 nur
2212 3872 2290 3920 bei
2312 3874 2436 3921 zwei
2471 3872 2592 3922 oder
2627 3871 2739 3921 dni

519 3962 668 4013 indes
705 3958 955 4018 bejahend
993 3959 1326 4007 beantwortet
1359 3957 1560 4006 werden
1592 3960 1748 4007 kann.

694 4046 742 4108 4)
779 4046 962 4105 Liebig
997 4060 1049 4107 p.
1085 4047 1167 4108 28,
1207 4045 1469 4095 Schroeter
1501 4060 1552 4107 p.
1589 4047 1654 4094 24
1694 4048 1809 4095 init.

696 4142 739 4211 ὃ)
775 4142 923 4194 conf.
963 4142 1144 4212 Liebig
1179 4144 1213 4191 l.
1252 4156 1292 4191 s.
1327 4156 1365 4191 s.
1403 4155 1452 4211 p.
1490 4142 1575 4198 29.
