3116 4790
1453 347 1529 415 41

381 548 527 618 Ter.
571 549 774 616 Andr.
833 550 957 614 199
1017 548 1384 615 Verberibus
1442 570 1691 616 caesum
1749 556 1805 618 te
1853 553 1922 617 in
1953 557 2327 639 pistrinum,
2392 555 2604 639 Dave,

551 651 771 716 dedam
806 670 1007 735 usque
1055 652 1139 717 ad
1183 673 1408 733 necem,
1453 652 1555 719 Ea
1603 655 1729 739 leqe
1774 659 1828 719 et
1870 656 2089 739 omine,
2132 662 2222 741 ut,
2264 659 2322 723 si
2362 665 2419 725 te
2458 662 2605 727 inde

551 755 978 836 exemerim,
1023 774 1129 841 eqo
1160 776 1289 840 pro
1333 760 1390 820 te
1430 756 1679 821 molam.

380 855 572 925 Varr.
605 879 653 922 r.
689 878 738 919 r.
775 856 899 939 III,
949 858 1050 938 16,
1078 857 1151 922 31
1196 862 1265 922 ut
1297 878 1458 941 quae
1491 858 1561 921 in
1594 879 1824 925 novam
1857 860 2162 925 coloniam
2203 860 2605 948 introierunt,

544 963 919 1042 permanent
945 958 1101 1024 adeo
1129 959 1401 1040 libenter,
1445 963 1515 1023 ut
1543 962 1733 1024 etiam
1766 961 1824 1024 si
1840 961 2210 1045 proximam
2236 967 2607 1049 posueris

545 1061 727 1126 illam
775 1054 1008 1144 alvam‚
1053 1062 1218 1128 unde
1262 1065 1570 1146 exierunt,
1612 1068 1818 1129 tamen
1852 1087 2013 1131 novo
2048 1068 2360 1134 domicilio
2387 1070 2606 1154 potius

510 1158 516 1166 ’
547 1161 674 1226 sint
717 1165 1048 1227 contentae.

469 1264 548 1330 V.
593 1263 868 1332 Enunt.
919 1287 1189 1350 regens
1214 1302 1292 1312 —
1318 1266 1510 1352 apod
1528 1267 1679 1329 osis
1711 1302 1785 1314 —
1815 1269 2167 1353 protasiS.

531 1379 536 1381 ’
573 1388 630 1435 a.
677 1368 970 1452 apodosis
1031 1369 1393 1433 adnectitur
1446 1369 1783 1454 particulis
1826 1374 1896 1435 ut
1936 1370 2037 1435 vel
2082 1391 2160 1435 ne
2202 1371 2503 1437 finalibus
2526 1376 2594 1455 1):

380 1467 590 1535 Plaut.
635 1469 865 1534 Pseud.
913 1471 993 1535 93
1040 1472 1148 1535 An
1188 1476 1257 1535 tu
1301 1492 1375 1537 ea
1425 1477 1484 1537 te
1540 1491 1738 1538 causa
1790 1474 1891 1537 vis
1944 1474 2145 1538 sciens
2202 1476 2606 1561 suspendere,

559 1569 641 1636 Ut
679 1591 778 1636 me
819 1571 1118 1654 defrudes
1161 1573 1529 1654 drachuma,
1571 1573 1629 1638 si
1677 1573 2007 1638 dederim
2048 1575 2201 1641 tibi?

382 1673 525 1737 Ter.
564 1674 764 1738 Andr.
804 1675 929 1740 315
975 1674 1194 1740 Adeon
1237 1676 1321 1741 ad
1358 1676 1541 1741 eum?
1568 1678 1598 1758 ΙΙ
1630 1675 1864 1756 Quidni
1878 1669 1912 1740 ,2'
1952 1679 2010 1742 si
2042 1679 2134 1742 nil
2160 1680 2473 1763 impetres,
2530 1679 2611 1746 Ut

547 1780 604 1841 te
645 1777 984 1843 arbitretur
1047 1780 1164 1845 sibi
1211 1785 1515 1864 paratum
1557 1781 1898 1863 moechum,
1963 1785 2022 1846 si
2061 1782 2239 1847 illam
2281 1781 2603 1851 duxerit.

384 1877 654 1963 Adelph.
703 1880 828 1943 170
882 1901 972 1967 sq.
1019 1880 1184 1946 Cave
1235 1882 1531 1946 nunciam
1592 1883 1799 1948 oculos
1863 1937 1877 1951 .
1926 1936 1940 1950 .
1986 1936 2000 1950 .
2060 1883 2387 1950 demoveas
2445 1889 2605 1968 tuos,

546 1999 624 2044 ne
663 2000 845 2046 mora
888 1984 992 2064 sit,
1028 1982 1087 2045 si
1127 1983 1514 2047 innuerim
1558 2005 1611 2049 e.
1655 2007 1713 2070 q.
1759 2007 1806 2048 s.
1826 1983 1875 2064 2)

546 2079 646 2148 Ne
685 2083 920 2169 pendet
965 2105 1004 2147 a
1046 2084 1246 2150 verbo
1291 2087 1652 2151 metuendi:
1753 2075 1759 2082 ’

199 2168 209 2177 ’
285 2274 292 2281 ο
382 2184 596 2251 Plaut.
640 2185 831 2249 Most.
878 2186 999 2250 922
1047 2185 1137 2250 At
1171 2185 1332 2250 enim
1371 2189 1602 2269 [metuo
1620 2187 1694 2270 3)]
1731 2209 1810 2252 ne
1838 2188 1992 2272 quid
2025 2188 2300 2272 captioni
2326 2188 2482 2253 mihi
2508 2191 2611 2272 sit,

551 2290 611 2351 si
653 2287 980 2354 dederim
1022 2289 1147 2353 tibi.

380 2390 556 2456 Trin.
607 2390 729 2455 754
776 2394 977 2455 metuo
1037 2389 1310 2455 sonitum
1361 2412 1438 2455 ne
1495 2391 1604 2456 ille
1654 2391 1976 2476 exaudiat,
2040 2391 2183 2459 Neu
2223 2414 2358 2459 rem
2398 2394 2611 2478 ipsam

548 2492 818 2578 indaget,
858 2493 1058 2582 dotem
1102 2494 1258 2560 dare
1298 2500 1358 2558 si
1401 2494 1752 2562 dixerim.

561 2595 625 2660 b.
685 2592 765 2661 Ut
807 2597 1284 2661 consecutivum
1328 2597 1688 2661 invenitur:

380 2698 527 2764 Ter.
576 2697 778 2763 Andr.
808 2699 935 2764 493
970 2698 1232 2764 idoneus
1266 2700 1377 2767 tibi
1403 2699 1622 2765 videor
1659 2719 1809 2781 esse,
1853 2717 2033 2784 quem
2057 2700 2305 2783 fallere
2334 2702 2610 2787 incipias

549 2799 753 2865 dolis?
820 2799 1053 2867 Saltem
1114 2806 1427 2882 accurate,
1490 2805 1561 2865 ut
1618 2800 1809 2864 metui
1864 2801 2092 2868 videar
2145 2806 2325 2883 certe,
2391 2808 2451 2866 si
2491 2822 2611 2867 re-

547 2904 720 2968 sciv
742 2903 959 2970 erim.

575 3029 626 3071 e.
671 3005 1033 3091 particulae
1072 3009 1142 3069 ut
1182 3025 1259 3070 ne
1300 3007 1712 3070 consecutiva
1735 3006 1791 3089 ⁴)
1836 3006 2116 3092 quadam
2163 3006 2229 3070 vi
2272 3005 2609 3089 praeditae

675 3118 852 3174 sunt:

381 3210 530 3274 Ter.
575 3210 830 3275 Phorm.
877 3211 1001 3275 974
1041 3210 1220 3275 illam
1260 3210 1352 3274 ita
1393 3209 1503 3273 tibi
1542 3209 1864 3274 incensam
1904 3208 2079 3290 dabo,
2151 3207 2231 3273 Ut
2270 3228 2347 3272 ne
2384 3210 2607 3273 restin-

540 3331 726 3396 yuas‚
772 3311 1054 3377 lacrimis
1096 3312 1154 3375 si
1198 3312 1758 3377 exstillaveris.

556 3587 596 3647 ¹)
635 3588 775 3637 Conf.
816 3587 1008 3637 Cornif.
1048 3590 1070 3635 1
1108 3592 1239 3651 9,16
1277 3588 1519 3637 dabimus
1557 3601 1781 3650 operam,
1820 3592 1881 3635 ut
1917 3588 2084 3636 nihilo
2122 3589 2300 3635 minus
2335 3588 2608 3645 indust-rie,

384 3693 538 3743 quam
572 3680 651 3726 rei
684 3679 887 3726 utilitas
918 3678 1224 3740 postulabit,
1261 3680 1567 3739 quaesivisse
1596 3678 1886 3734 videamur,
1925 3678 1973 3724 si
2003 3678 2155 3738 prius
2174 3690 2349 3737 pauca
2386 3675 2446 3725 de
2483 3691 2604 3725 cau-

382 3781 562 3817 sarum
597 3767 850 3815 divisione
886 3765 1282 3815 dixerimus.

554 3853 599 3910 2)
636 3855 775 3904 Cous.
816 3854 943 3903 Rud.
986 3856 1082 3903 731
1135 3857 1230 3904 Vos
1266 3854 1404 3913 adeo,
1454 3856 1548 3903 ubi
1584 3870 1670 3915 eqo
1727 3857 2032 3903 innuero
2068 3853 2228 3912 vobis,
2276 3855 2337 3900 ni
2370 3855 2416 3903 ei
2451 3857 2608 3916 caput

386 3947 738 3994 exoculassitis
777 3960 817 3992 e.
857 3956 902 4004 q.
934 3956 972 3990 s.
1256 4017 1258 4019 V

555 4032 604 4094 8)
636 4033 695 4078 V.
735 4033 944 4080 Lorenz.
979 4045 1022 4078 a.
1059 4030 1106 4078 h.
1140 4032 1175 4078 1.

557 4117 601 4184 4)
645 4118 775 4173 Vide
815 4119 994 4167 Holtze
1032 4120 1079 4167 11
1116 4133 1164 4187 p.
1211 4122 1320 4173 164,
