3116 4790
1598 326 1683 394 50

527 530 714 594 Most.
758 527 880 592 857
925 544 1185 610 sequere
1225 526 1342 591 hac
1391 546 1490 590 me
1528 528 1745 612 iqitur.
1774 529 1806 610 ΙΙ
1835 526 2145 611 Equidem
2187 529 2360 595 haud
2400 547 2670 614 usquam
2714 549 2758 595 a

681 628 951 713 pedibus
992 627 1328 712 apscedam
1369 629 1512 693 iuis.

526 733 699 798 Pers.
743 732 868 796 399
911 750 1171 815 sequere
1210 731 1347 797 hac.
1376 734 1407 813 ΙΙ
1436 728 1625 794 Dicto
1668 748 1808 793 sum
1854 730 2136 798 audiens.

526 834 719 898 Poen.
760 832 850 915 11,
900 842 953 914 1,
977 833 1059 897 54
1094 832 1271 914 (502)
1310 851 1571 916 sequere
1608 832 1727 896 hac
1762 851 1858 896 me
1884 835 1915 915 ΙΙ
1946 832 2223 917 Sequor-s
2271 832 2352 899 Iu
2394 835 2558 899 huuc
2591 835 2757 901 diem

691 933 826 999 iam
866 937 1006 998 tuos
1047 953 1191 998 swm
1235 935 1725 1000 mercennarius.

692 1034 977 1121 Reliquis
1021 1033 1385 1098 huiusmodi
1426 1033 1581 1098 locis
1624 1032 1998 1117 simpliciter
2036 1051 2264 1116 sequor
2307 1036 2754 1121 respondetur:

526 1135 675 1200 Aul.
717 1136 863 1218 349,
920 1135 1105 1222 capt.
1152 1136 1294 1218 953,
1351 1135 1541 1202 Ourc.
1597 1136 1742 1215 370,
1785 1134 1960 1202 Pers.
2016 1134 2160 1214 751,
2211 1135 2441 1202 Pseud.
2492 1137 2656 1201 1016
2687 1137 2757 1218 1),

527 1237 706 1302 Trin.
753 1238 919 1302 1109
939 1237 1006 1320 ²).

676 1357 733 1421 3.
776 1355 1187 1422 Paucissimis
1249 1353 1400 1418 locis
1463 1353 1657 1416 etiam
1726 1351 1855 1415 alia
1915 1353 2235 1438 quaedam
2306 1354 2759 1437 adnectuntur,

781 1479 948 1544 quae
1008 1465 1224 1521 tamen
1282 1455 1607 1521 commode
1665 1456 1832 1520 inter
1875 1454 2245 1520 abeundum
2289 1456 2416 1520 dici
2459 1470 2758 1542 possunt:

528 1576 740 1640 Plaut.
784 1574 1018 1640 Bacch.
1066 1575 1189 1640 499
1247 1592 1507 1657 sequere
1568 1575 1685 1640 hac
1742 1595 1856 1642 me.
1887 1575 1918 1654 ΙΙ
1949 1575 2209 1659 Sequor.
2299 1573 2537 1644 Melius
2582 1586 2760 1662 esset,

692 1695 791 1741 me
847 1696 1088 1761 quoque
1139 1695 1272 1741 uua
1313 1678 1373 1740 si
1415 1696 1554 1741 cum
1597 1677 1744 1740 illoc
1786 1677 2190 1760 relinqueres.
2234 1681 2265 1758 ΙΙ
2312 1679 2606 1762 Adfatim
2652 1686 2757 1748 est.

699 1777 1085 1844 Mnesiloche
1127 1797 1285 1842 cura
1330 1781 1384 1840 et
1417 1778 1776 1862 concastiga
1817 1777 2126 1842 homiuem
2153 1781 2369 1862 probe,
2416 1779 2542 1859 Qui
2586 1781 2759 1846 dede·

697 1882 877 1944 corat
916 1882 994 1960 te,
1035 1898 1134 1941 me
1175 1877 1431 1957 amicos,
1473 1878 1636 1942 alios
1665 1875 1943 1962 flaqitiis
1985 1880 2140 1944 suis.

696 1987 994 2052 Ceterum
1023 1985 1527 2051 Fleckeisen
1572 1986 1776 2051 verba
1817 1986 2040 2051 melius
2075 2010 2127 2055 e.
2163 2012 2223 2075 q.
2260 2011 2307 2057 s.
2354 1999 2543 2054 ante
2587 2012 2759 2055 scae-

527 2111 650 2154 nae
691 2089 1047 2153 clausulam
1091 2087 1459 2153 collocavit:
1502 2087 1672 2173 quod
1707 2088 2196 2174 approbandum
2232 2089 2510 2157 videtur.

528 2190 710 2275 Oapt.
758 2190 792 2252 7
797 2190 883 2253 64
925 2206 1184 2271 sequere
1226 2188 1381 2253 hac:
1422 2187 1765 2254 redducam
1806 2194 1865 2253 te
1905 2192 2013 2256 ubi
2036 2190 2276 2272 fuisti;
2319 2195 2587 2257 neminis
2634 2191 2759 2256 Mi-

694 2310 905 2356 serere
962 2294 1272 2372 certwmst‚
1336 2290 1489 2372 quia
1529 2291 1654 2355 mei
1695 2292 1947 2355 miseret
1988 2293 2310 2361 neminem.
2356 2296 2389 2378 ΙΙ
2432 2293 2754 2379 Eocauspi·

695 2390 838 2457 cavi
880 2410 959 2455 eoe
1001 2390 1264 2457 vinclis:
1316 2412 1482 2456 nuuc
1522 2391 1810 2477 intelleqo
1856 2390 2467 2478 Redauspicandum
2512 2415 2644 2460 esse
2688 2397 2758 2461 in

695 2496 950 2558 catenas
993 2490 1195 2555 dereuo
1219 2490 1287 2574 ³).

608 2611 697 2679 II.
742 2611 876 2677 Ubi
919 2632 1094 2693 vere,
1158 2631 1303 2676 cum
1349 2607 1513 2673 alter
1558 2610 1831 2673 alterum
1875 2611 2054 2696 sequi
2093 2612 2301 2693 iussit,
2365 2634 2493 2677 non
2536 2612 2750 2676 statim

738 2710 928 2776 ambo
985 2710 1430 2795 egrediuntur,
1493 2710 1585 2774 ibi
1637 2710 1867 2796 aliquis
1921 2721 2035 2775 aut
2074 2712 2150 2773 in
2193 2733 2543 2777 scaenam
2587 2737 2759 2800 pro-

735 2813 901 2877 dire
960 2821 1075 2876 aut
1135 2811 1226 2876 ad
1287 2811 1518 2876 alium
1578 2833 1898 2877 scaenae
1955 2812 2204 2877 locum
2259 2816 2621 2880 accedere
2662 2818 2756 2881 iu-

736 2911 1014 2992 betur4).

678 3036 732 3100 1.
778 3032 973 3113 Illud,
1033 3030 1204 3117 quod
1263 3031 1478 3116 priore
1532 3029 1669 3094 loco
1730 3033 2076 3115 posuimus,
2138 3030 2210 3095 fit
2254 3034 2321 3096 in
2374 3055 2755 3099 scaenarum

773 3134 986 3198 initio:

526 3252 738 3318 Plaut.
782 3252 957 3317 Asin.
1004 3250 1132 3315 810
1177 3246 1448 3331 Sequere
1489 3246 1644 3314 hac:
1697 3268 1849 3334 cyon
1888 3249 2041 3317 haec
2083 3257 2153 3317 ut
2185 3252 2457 3337 patiar?

704 3528 742 3587 1)
779 3527 860 3575 Ibi
913 3539 1055 3575 senes
1106 3523 1269 3593 (Simo
1324 3527 1375 3573 et
1427 3524 1609 3582 Ballio)
1670 3537 1913 3572 scaena
1966 3525 2343 3586 decedunt,
2406 3526 2524 3574 dum
2584 3541 2754 3576 servus

525 3615 845 3674 (Pseudulus)
883 3618 1073 3663 restans
1110 3612 1350 3673 quaedam
1387 3625 1554 3661 secum
1590 3613 1834 3675 loquitur.

700 3721 744 3781 2)
781 3721 921 3770 Conf.
958 3724 1128 3768 notam
1164 3720 1393 3782 proxime
1427 3717 1833 3768 antecedentem:
1871 3719 2022 3765 etism
2046 3719 2099 3764 in
2137 3717 2419 3765 Trinummi
2457 3719 2566 3765 loco
2605 3732 2753 3767 senes

525 3808 782 3872 (Callicles
819 3814 869 3857 et
903 3804 1227 3868 Charmides)
1264 3806 1463 3865 abeunt,
1503 3805 1621 3853 dum
1662 3818 1834 3853 servus
1869 3803 2160 3867 (Stasimus)
2200 3811 2367 3855 restat.

699 3914 742 3971 8)
781 3913 918 3962 Haec
952 3914 1106 3961 verba
1134 3911 1522 3973 Aristophontes
1563 3897 1796 3974 captivus
1821 3911 2101 3971 Hegionem
2136 3914 2283 3973 sequi
2321 3913 2491 3961 iussus
2528 3922 2753 3959 secum

529 4004 643 4062 ips
667 4016 692 4049 e
731 4000 970 4061 loquitur,
1011 3998 1128 4045 dum
1166 3999 1296 4046 foras
1335 3996 1602 4057 egreditur.

707 4103 754 4170 4)
790 4105 1093 4166 Plerumque
1131 4107 1206 4154 eis
1244 4106 1372 4155 locis
1409 4105 1627 4153 breviter
1664 4108 1790 4153 ratio
1833 4104 2042 4154 iubendi
2078 4104 2317 4157 redditur.
