3116 4790
1409 367 1494 432 65

343 570 808 656 quentiorem
851 569 1266 635 indicativi
1321 569 1461 648 (fut.
1508 566 1745 654 simpl.)
1798 589 1984 633 usum
2025 570 2422 655 probabilius
2467 571 2552 635 ad

339 673 631 736 futurum
690 680 991 736 exactum
1052 692 1247 757 quam
1295 671 1377 736 ad
1423 671 1583 757 perf.
1627 668 2100 736 coniunctivum
2145 671 2436 758 exempla
2480 673 2583 753 de¹

343 773 576 859 quibus
611 771 964 858 ambigitur
995 774 1366 857 referamus
1440 772 1734 838 Ceterum
1775 774 1879 839 fae
1912 775 2390 840 coniunctivum
2427 797 2560 838 esse

347 874 838 960 agnoscendum,
888 885 1100 941 tamen
1146 875 1369 941 modus
1411 898 1537 941 non
1582 874 1705 939 erit
1747 875 2112 961 potentialis
2156 877 2193 939 i.
2236 899 2288 942 e.
2336 875 2561 941 leniter

342 977 801 1058 contendentis,
866 977 975 1043 sed
1035 977 1304 1042 volentis
1363 987 1425 1042 et
1482 978 1876 1063 propositum
1934 980 2335 1065 exsequentis
2380 979 2561 1058 (coni.

344 1078 606 1160 finalis),
676 1078 1021 1164 eodemque
1078 1078 1262 1144 modo
1322 1078 1590 1165 perfecti
1645 1080 2087 1146 coniunctivus
2146 1079 2388 1164 positus
2443 1081 2562 1143 erit

346 1190 539 1267 atque
575 1182 643 1246 in
680 1182 1005 1246 sententiis
1048 1181 1385 1246 finalibus:
1431 1180 1581 1245 vide
1614 1202 1812 1266 supra
1844 1204 1904 1266 p.
1941 1181 2003 1249 4.
2038 1190 2163 1247 not.
2196 1181 2252 1250 7.
2278 1218 2361 1225 —
2384 1180 2565 1245 Haeo

344 1304 470 1348 non
524 1283 963 1367 infringuntur
1020 1283 1128 1363 eis,
1195 1304 1358 1368 quae
1401 1283 1567 1346 Brix
1609 1282 1692 1347 ad
1737 1282 1914 1350 Trin.
1960 1306 2020 1348 v.
2063 1282 2147 1347 63
2170 1282 2220 1363 ¹)
2266 1282 2562 1347 adnotat:

344 1384 616 1449 Dederis
662 1388 749 1466 [v.
791 1385 926 1466 60],
987 1383 1342 1470 obrepseris
1391 1387 1476 1465 [v.
1520 1386 1629 1465 61]
1675 1384 1875 1468 (Comi.
1912 1383 2110 1466 perf.)
2148 1382 2281 1446 und
2324 1384 2563 1448 nescias

344 1485 490 1549 sind
547 1485 648 1548 die
691 1482 1047 1551 Nachec'itze
1090 1532 1104 1548 .
1150 1541 1164 1555 .
1210 1538 1224 1552 .
1272 1505 1355 1550 zu
1419 1486 1614 1550 einem
1667 1505 1787 1552 aus
1829 1486 1919 1551 59
1961 1506 2045 1550 eu
2087 1485 2565 1550 entnehmenden

364 1583 776 1651 Vordersatee
794 1605 816 1649 .·
856 1588 911 1650 si
946 1587 1569 1654 commutaverimus.
1648 1588 1832 1652 Auch
1864 1588 2106 1673 hdnyen
2147 1586 2394 1651 dederis
2436 1587 2566 1650 und

348 1690 592 1752 nescias
652 1687 818 1751 nicht
873 1709 993 1753 von
1052 1690 1203 1754 faxo
1263 1689 1359 1768 ab,
1392 1688 1699 1754 effidem
1756 1689 1899 1754 sind
1955 1689 2363 1775 selbstc‘t'ndiye
2413 1689 2565 1753 com'.

344 1793 570 1872 potent.
652 1783 861 1875 (δοίης
897 1782 990 1869 ἄν,
1037 1780 1156 1854 οὐκ
1189 1784 1267 1854 ἂν
1304 1779 1648 1876 ἆγνοοίης).
1730 1793 1942 1877 Atque
1987 1791 2070 1855 ad
2114 1793 2299 1876 Capt.
2343 1816 2403 1855 v.
2446 1793 2566 1856 789

349 1891 492 1971 (801
530 1890 678 1972 Fl.),
721 1889 832 1955 ubi
862 1903 1077 1956 cetera
1105 1891 1397 1977 exempla
1429 1893 1513 1957 ad
1550 1893 1750 1956 futuri
1788 1892 1872 1956 II.
1901 1892 2322 1958 indicativum
2354 1894 2565 1975 refert,

347 1991 597 2057 dederis
639 1992 701 2056 et
745 1993 1094 2076 obrepseris
1136 1994 1363 2059 statuit
1406 2015 1540 2058 esse
1586 1994 2018 2059 coniunctivos
2061 1990 2434 2078 potentiales
2478 1995 2563 2057 im

351 2091 707 2159 Nachsatee
760 2114 842 2159 zu
903 2097 1097 2159 einem
1144 2094 1743 2181 Redinyunqsyliede
1800 2096 1879 2177 (si
1939 2098 2565 2177 commutaverimus)

350 2197 465 2263 bei
506 2195 823 2281 Seteuny
868 2198 1069 2262 eines
1104 2197 1516 2281 ‚qedachten
1558 2193 1862 2263 Falles:
1918 2197 2080 2262 conf.
2118 2197 2316 2266 eiusd.
2362 2198 2564 2264 verba

350 2299 433 2364 ad
471 2299 648 2366 Trin.
689 2323 750 2365 v.
785 2300 928 2365 474.
994 2299 1118 2365 Sed
1163 2301 1437 2385 primum
1481 2321 1730 2385 semper
1775 2301 1840 2363 in
1880 2300 2227 2365 enuntiatis
2256 2300 2567 2364 condicio·

350 2400 626 2483 nalibus,
669 2424 940 2486 quorum
978 2404 1249 2488 protasis
1293 2404 1723 2488 praesentis
1765 2402 1868 2469 vel
1913 2403 2239 2488 perfecti
2272 2403 2568 2467 coniunc-

349 2504 554 2569 tivum
599 2503 688 2585 (h.
734 2502 774 2569 l.
817 2503 1428 2582 commutaverimus)
1472 2504 1775 2586 eontinet,
1817 2504 2295 2569 coniunctivum
2323 2504 2566 2586 filatim,

349 2627 476 2671 non
535 2605 651 2671 fut.
712 2626 814 2671 ex,
851 2604 1031 2687 fam
1089 2605 1448 2670 adhibitum
1490 2606 1848 2671 invenimus
1874 2602 1939 2684 2).
2026 2606 2275 2673 Deinde
2316 2607 2566 2670 omnino

348 2728 510 2793 opus
570 2729 695 2773 non
754 2715 848 2771 est
904 2707 983 2772 de
1042 2727 1109 2770 re
1166 2706 1296 2771 solo
1359 2706 1629 2771 arbitrio
1669 2716 1926 2791 sumpta
1968 2716 2183 2772 nostro
2227 2715 2361 2774 loeo
2402 2708 2567 2792 eogi-

533 2979 575 3041 ι)
612 2981 704 3029 Vv.
743 2985 946 3031 59—133
975 2982 1100 3029 Brix
1135 2983 1210 3031 sic
1249 2982 1443 3031 edidit:

348 3065 473 3117 call.
527 3070 624 3116 Vin
660 3076 1065 3119 commutemus?
1100 3075 1248 3117 tuam
1274 3084 1361 3131 eqo
1399 3069 1587 3118 ducam
1622 3072 1669 3115 et
1706 3072 1762 3117 tu
1798 3074 2007 3116 meam?

522 3157 662 3204 Faxo
699 3157 840 3206 haud
873 3161 1146 3207 tantillum
1182 3158 1457 3205 dederis
1494 3156 1767 3205 verborum
1803 3156 1948 3203 mihi.

349 3240 478 3301 Meg.
526 3244 749 3307 Namque
775 3248 914 3294 enim
947 3251 1019 3306 tu,
1056 3246 1218 3301 credo,
1252 3259 1330 3293 me
1365 3245 1741 3306 imprudentem
1777 3244 1933 3292 obre
1944 3245 2204 3305 μηνίει

528 3333 658 3381 Nam
693 3348 838 3382 nunc
873 3337 919 3383 si
955 3338 1191 3396 iqnotam
1224 3338 1443 3396 capiam,
1480 3332 1605 3397 quid
1640 3345 1808 3394 aqam,
1847 3331 2090 3379 nesciam.

348 3415 476 3466 can.
514 3420 585 3468 Ne
618 3423 677 3468 tu
710 3421 869 3471 hercle
899 3421 1028 3484 samo
1063 3422 1204 3470 haud
1237 3423 1452 3477 nescias,
1488 3434 1642 3482 quam
1677 3434 1786 3469 rem
1822 3423 1997 3479 eyeris.

351 3504 493 3556 Oonf.
531 3513 694 3557 tamen
735 3510 999 3557 Vahlen
1037 3510 1207 3559 Herm.
1244 3510 1340 3558 XV
1374 3523 1423 3571 p.
1463 3512 1561 3557 257
1602 3522 1677 3571 sq.

523 3610 572 3672 2)
609 3612 731 3660 Nam
768 3615 823 3661 in
859 3614 1024 3661 Plaut.
1062 3613 1190 3663 Men.
1230 3627 1375 3662 versu
1425 3617 1535 3662 114.
1574 3616 1622 3663 si
1660 3648 1672 3664 .
1705 3650 1716 3663 .
1758 3649 1769 3663 .
1804 3613 2026 3674 faxis,
2075 3612 2203 3672 famo
2255 3612 2383 3660 sslud
2426 3614 2566 3673 faxis

351 3712 450 3746 non
479 3706 554 3748 est
590 3703 712 3762 perf.
748 3702 896 3761 coni„
935 3702 1022 3750 sed
1058 3703 1215 3751 futuri
1254 3703 1318 3750 11.
1357 3702 1681 3751 indicativus.
1747 3705 1911 3763 Atque
1950 3702 2126 3750 Pseud.
2165 3705 2264 3749 949
2304 3701 2415 3762 (ubi
2456 3717 2566 3749 cum

354 3787 595 3837 Lorenzio
632 3791 677 3839 si
713 3789 903 3851 efficies
941 3791 1121 3847 scribo)
1157 3796 1208 3838 et
1244 3790 1380 3838 Trin.
1421 3794 1517 3838 8⁸1
1558 3791 1625 3841 (si
1657 3790 2032 3852 percontabere)
2070 3790 2309 3846 habemus
2349 3790 2566 3838 futurum

350 3877 389 3924 1.
426 3879 542 3934 (non
579 3891 791 3939 praes.
829 3880 1030 3937 coni)
1068 3881 1121 3927 in
1158 3883 1362 3941 protasi.
1436 3879 1712 3928 Ceteris
1749 3880 1928 3928 locis
1967 3880 2123 3926 oratio
2163 3891 2259 3925 non
2297 3884 2373 3925 est
2409 3878 2566 3938 hypo-

353 3963 557 4023 thetica,
598 3965 683 4013 sed
722 3967 979 4018 absoluta:
1018 3970 1166 4016 etiam
1208 3969 1258 4014 in
1298 3968 1436 4016 Trin.
1480 3985 1526 4017 v.
1569 3972 1632 4015 63
1668 3970 1810 4031 (faxo
1846 3968 1987 4016 haud
2022 3969 2265 4021 neae-ias).-
2303 3981 2415 4015 uam
2451 3968 2568 4014 lieet

352 4052 478 4101 Brix
514 4054 851 4103 condicionem
892 4056 940 4106 h.
975 4059 1008 4106 1.
1049 4063 1207 4105 mente
1260 4058 1656 4118 intellegendam
1698 4070 1805 4105 esse
1855 4062 2069 4114 censeat,
2122 4060 2289 4102 tamen
2339 4069 2457 4103 num
2513 4071 2568 4103 ea

349 4122 520 4189 ’animo
559 4149 735 4203 poetae
764 4157 997 4204 praesens
1032 4145 1291 4192 obversata
1327 4147 1409 4203 sit,
1449 4144 1716 4192 admodum
1755 4144 1971 4191 dubitari
2011 4148 2193 4204 potest.

443 4250 714 4302 Cramer,
761 4255 823 4292 De
851 4256 957 4303 perf.
984 4257 1096 4297 coni.
1127 4266 1209 4295 usu
1242 4262 1408 4306 potent.
1436 4268 1507 4306 ap.
1539 4268 1602 4307 pr.
1633 4267 1715 4300 scr.
1746 4256 1837 4297 Lat.
2131 4237 2167 4294 5
