3116 4790
1397 352 1476 417 73

335 554 476 620 Aul.
524 553 644 618 749
691 552 911 618 Postid
950 557 1010 618 si
1042 555 1406 638 prehensi
1448 558 1711 638 simae,
1760 575 2124 621 excusemus
2168 557 2367 620 ebrios
2411 553 2545 619 Nos

477 655 742 737 jecisse.

339 754 481 821 Cas.
519 755 645 839 111,
686 757 854 836 6,15
893 754 1060 833 Quid
1084 755 1290 820 nunc?
1333 776 1521 838 quam
1563 777 1708 821 moae
1741 777 1991 824 recreas
2025 780 2122 824 me
2150 762 2295 824 ere?
2320 764 2352 842 ΙΙ
2381 761 2545 828 Cena

497 856 674 921 modo
714 858 771 921 si
813 857 912 920 sit
951 861 1173 923 cocta.

330 960 498 1025 Men.
545 958 666 1022 164
709 956 1046 1043 Captum
1088 960 1144 1021 si
1185 958 1342 1022 siet
1393 960 1712 1045 colteyiam
1757 959 1884 1027 Ouo
1930 1006 1945 1024 .
1992 1012 2007 1028 .
2050 982 2083 1026 s
2129 1011 2144 1027 .
2187 1014 2202 1030 .
2248 966 2356 1028 ata
2400 1015 2414 1028 .
2461 1015 2475 1030 .
2529 1015 2542 1029 .

497 1059 670 1141 (Hae
712 1068 961 1148 tantum
1007 1048 1257 1124 litterae
1298 1061 1364 1122 in
1406 1060 1543 1125 eod.
1589 1061 1646 1126 A
1694 1060 1821 1146 legi
1864 1061 2179 1149 possunt.)

329 1163 489 1227 Eun.
534 1184 677 1228 ann.
720 1160 846 1226 439
891 1161 1106 1227 Muell.
1156 1161 1226 1229 Si
1268 1163 1414 1244 laci,
1465 1162 1524 1226 si
1570 1182 1718 1244 nox,
1765 1164 1824 1227 si
1866 1185 2031 1246 mox,
2075 1166 2134 1229 si
2175 1164 2306 1231 iam
2350 1163 2546 1229 data

495 1263 609 1328 sit
631 1263 825 1345 frux.

329 1365 490 1431 Cato
535 1365 598 1431 d.
644 1386 783 1449 agr.
829 1362 952 1445 ΙΙΙ,
993 1363 1032 1426 2
1077 1363 1206 1428 olla
1248 1363 1353 1428 ubi
1398 1364 1612 1430 lecta
1654 1366 2028 1450 siet‚fiat.

495 1466 839 1557 ‘Attraotio
884 1464 1232 1529 modorum'
1280 1465 1399 1530 hoe
1443 1464 1579 1532 loco
1624 1467 1967 1533 statuenda
2011 1468 2301 1533 videtur:

332 1566 544 1633 Plaut.
587 1566 776 1633 Poen.
822 1565 876 1648 1,
921 1567 978 1646 1,
1003 1564 1081 1629 19
1126 1566 1302 1645 (147)
1359 1564 1428 1631 Si
1469 1569 1901 1634 auctoritatem
1934 1572 2159 1654 postea
2200 1569 2542 1655 desuyeris,

508 1666 627 1734 Ubi
669 1667 1125 1734 dissolutus
1167 1671 1234 1732 tu
1277 1668 1475 1751 sies,
1523 1690 1627 1756 eqo
1659 1671 1989 1755 pendeam.

519 1786 579 1851 b.
623 1786 814 1854 Luer.
859 1786 982 1869 111,
1033 1786 1157 1851 845
1215 1784 1346 1852 Nec
1400 1790 1458 1851 si
1517 1789 1839 1855 materiem
1897 1794 2180 1856 ‘nostram
2238 1790 2544 1875 colleyerit

623 1892 799 1955 aetas
844 1887 1000 1954 Post
1049 1889 1275 1955 obitum
1317 1940 1331 1955 .
1377 1939 1392 1957 .
1440 1943 1455 1958 .
1502 1890 1709 1975 Atque
1757 1892 1986 1958 iterum
2039 1891 2208 1957 nobis
2232 1891 2337 1972 fu
2351 1896 2554 1957 erint

620 1988 797 2055 data
835 1989 1075 2053 lumina
1106 1987 1296 2069 vitae,
1342 1986 1664 2057 Pertinea't
1704 1992 2039 2074 quicquam
2071 1996 2275 2056 tamen
2314 1990 2400 2055 ad
2429 2012 2541 2055 rios

617 2091 687 2156 id
728 2109 969 2175 quoque
991 2090 1245 2173 sactum
1271 2090 1337 2173 1).

502 2213 603 2277 De
644 2212 851 2278 forma
875 2212 1139 2295 fuerint
1170 2212 1317 2278 vide
1353 2232 1569 2297 supra.
1634 2212 1904 2276 Prorsus
1934 2210 2219 2296 legitima
2254 2220 2346 2272 est
2374 2210 2542 2274 ratio

331 2314 518 2379 huius
578 2314 701 2380 loci
741 2314 1165 2380 Varroniani:
1235 2336 1287 2381 r.
1339 2335 1396 2383 r.
1443 2317 1499 2395 l,
1525 2314 1611 2378 60
1668 2313 1931 2378 orchites
1989 2312 2226 2397 myras,
2292 2310 2429 2375 sale
2486 2311 2544 2374 si

325 2417 487 2481 sirit
517 2436 654 2480 con
649 2416 1036 2499 fricatae
1063 2415 1195 2480 dies
1222 2419 1512 2499 quinque,
1554 2419 1611 2479 et
1641 2419 1774 2479 tum
1808 2415 1944 2480 sale
1976 2434 2254 2496 excusso,
2289 2413 2535 2478 biduom

326 2519 387 2584 si
441 2521 512 2583 in
566 2520 695 2585 sole
741 2519 1046 2602 positae
1088 2517 1422 2600 fuerint,
1497 2536 1753 2583 manere
1807 2515 2067 2580 idoneas
2124 2516 2324 2579 solere
2381 2515 2539 2598 [soil.

329 2621 545 2688 scribit
589 2620 780 2702 GatoJ.

499 2721 755 2788 Positus
790 2722 853 2788 h.
892 2720 935 2785 l.
976 2741 1177 2806 paene
1212 2731 1309 2785 est
1341 2742 1455 2805 pro
1492 2720 1833 2802 adieetivo,
1869 2740 2071 2805 quare
2107 2731 2321 2786 vertas
2358 2743 2540 2807 opor-

328 2835 448 2890 tet:
482 2844 664 2890 wemi
697 2824 790 2889 sie
816 2824 1067 2908 yeleyerc
1108 2822 1306 2887 haben
1338 2820 1612 2901 werden,
1655 2841 1816 2884 non:
1859 2839 2040 2885 werm
2074 2822 2166 2885 sie
2186 2822 2382 2907 yeleqt
2405 2825 2538 2887 sein

323 2927 593 2995 werden.
668 2927 847 2993 Conf.
891 2925 1034 2991 Liv.
1079 2923 1368 3007 XXVII,
1410 2924 1511 3005 23,
1542 2925 1619 2988 18
1663 2923 1721 2987 si
1765 2969 1782 2984 .
1826 2974 1839 2989 .
1887 2927 2206 2989 cunctatus
2228 2923 2454 3006 saeris
2468 2924 2538 3004 ²).

360 3047 483 3113 ΙΙΙ.
530 3047 886 3132 Supersunt
944 3045 1260 3131 quaedam
1319 3043 1612 3129 exempla
1666 3046 1946 3130 (praeter
1999 3043 2179 3109 illum
2225 3045 2538 3112 Varronis

531 3149 767 3230 locum)
808 3148 872 3210 in
915 3147 1202 3211 oratione
1244 3145 1503 3210 aliunde
1550 3168 1856 3232 suspensa
1898 3146 2130 3211 obvia:

326 3268 540 3332 Attius
586 3270 713 3333 310
753 3267 942 3332 Ribb.
993 3268 1081 3332 At
1131 3273 1367 3350 contra,
1429 3271 1733 3352 quantum
1789 3267 2087 3350 obfueris,
2154 3267 2212 3330 si
2266 3265 2539 3330 victus

491 3376 693 3453 sies,
742 3369 1102 3450 Considera,
1157 3374 1210 3434 et
1251 3389 1372 3453 qao
1412 3390 1665 3435 revoces
1707 3389 2018 3435 summam
2064 3369 2337 3433 exerciti.

322 3473 468 3539 Ter.
513 3472 786 3559 Adelph.
838 3474 960 3537 282
1011 3472 1276 3537 Obsecro
1317 3476 1374 3537 te
1414 3472 1639 3554 hercle,
1679 3471 1987 3537 hominem
2021 3471 2213 3536 istum
2239 3469 2539 3553 impuris-

488 3592 736 3640 sumum
791 3572 999 3653 'Quam
1041 3575 1327 3658 primum
1373 3573 1750 3656 absolvitote,
1822 3593 1917 3656 ree,
1983 3575 2041 3637 si
2082 3571 2282 3657 mayis
2324 3568 2498 3634 inri
2518 3605 2540 3615 -

491 3681 719 3742 tatus
758 3677 950 3757 siet,
1007 3662 1255 3758 'Aliqua
1298 3676 1383 3743 ad
1417 3680 1671 3760 patrem
1712 3675 1824 3739 hoc
1858 3678 2205 3760 permanet.

501 3953 540 4011 1)
580 3954 721 4002 Cous.
760 3960 929 4002 eontra
970 3952 1098 4001 data
1134 3955 1199 4001 sit
1238 3954 1345 4000 loco
1385 3953 1617 4001 Enniano
1657 3966 1806 4014 supra
1840 3951 2021 3999 adlato.

494 4043 544 4104 2)
585 4043 656 4092 De
694 4044 832 4090 vocis
871 4047 1145 4092 cunctatus
1181 4043 1373 4091 ratione
1409 4042 1537 4090 conf.
1579 4038 1740 4088 Neue²
1772 4041 1819 4089 Il
1856 4054 1899 4102 p.
1948 4041 2058 4089 122.
