<?xml version="1.0" encoding="UTF-8"?>
<!DOCTYPE html PUBLIC "-//W3C//DTD XHTML 1.0 Transitional//EN"
    "http://www.w3.org/TR/xhtml1/DTD/xhtml1-transitional.dtd">
<html xmlns="http://www.w3.org/1999/xhtml" xml:lang="en" lang="en">
 <head>
  <title>
</title>
<meta http-equiv="Content-Type" content="text/html;charset=utf-8" />
  <meta name='ocr-system' content='tesseract 3.04.00' />
  <meta name='ocr-capabilities' content='ocr_page ocr_carea ocr_par ocr_line ocrx_word'/>
</head>
<body>
  <div class='ocr_page' id='page_1' title='image "./deperfecticonju00cramgoog_0088.png"; bbox 0 0 3116 4790; ppageno 0'>
   <div class='ocr_carea' id='block_1_1' title="bbox 1673 366 1757 430">
    <p class='ocr_par' dir='ltr' id='par_1_1' title="bbox 1673 366 1757 430">
     <span class='ocr_line' id='line_1_1' title="bbox 1673 366 1757 430; baseline 0 0"><span class='ocrx_word' id='word_1_1' title='bbox 1673 366 1757 430; x_wconf 88' lang='grc'><strong>80</strong></span> 
     </span>
    </p>
   </div>
   <div class='ocr_carea' id='block_1_2' title="bbox 1514 455 1918 463">
    <p class='ocr_par' dir='ltr' id='par_1_2' title="bbox 1514 455 1918 463">
     <span class='ocr_line' id='line_1_2' title="bbox 1514 455 1918 463; baseline 0 4327"><span class='ocrx_word' id='word_1_2' title='bbox 1514 455 1918 463; x_wconf 95' lang='lat' dir='ltr'><strong> </strong></span> 
     </span>
    </p>
   </div>
   <div class='ocr_carea' id='block_1_3' title="bbox 608 564 2826 1973">
    <p class='ocr_par' dir='ltr' id='par_1_3' title="bbox 608 564 2819 752">
     <span class='ocr_line' id='line_1_3' title="bbox 608 564 2819 651; baseline -0.001 -18"><span class='ocrx_word' id='word_1_3' title='bbox 608 565 879 651; x_wconf 81' lang='lat' dir='ltr'>Madvig</span> <span class='ocrx_word' id='word_1_4' title='bbox 917 565 959 631; x_wconf 91' lang='lat' dir='ltr'><strong>l.</strong></span> <span class='ocrx_word' id='word_1_5' title='bbox 1004 589 1053 633; x_wconf 80' lang='lat' dir='ltr'><strong>s,</strong></span> <span class='ocrx_word' id='word_1_6' title='bbox 1099 587 1148 629; x_wconf 77' lang='lat' dir='ltr'><strong>s·</strong></span> <span class='ocrx_word' id='word_1_7' title='bbox 1190 589 1250 650; x_wconf 90' lang='lat' dir='ltr'><strong>p.</strong></span> <span class='ocrx_word' id='word_1_8' title='bbox 1295 567 1379 631; x_wconf 87' lang='lat'><strong>80</strong></span> <span class='ocrx_word' id='word_1_9' title='bbox 1419 587 1532 649; x_wconf 90' lang='lat' dir='ltr'><strong>sq.,</strong></span> <span class='ocrx_word' id='word_1_10' title='bbox 1576 564 1905 633; x_wconf 88' lang='lat' dir='ltr'><strong>Luebbert</strong></span> <span class='ocrx_word' id='word_1_11' title='bbox 1946 567 1995 633; x_wconf 88' lang='grc' dir='ltr'><strong>Ι.</strong></span> <span class='ocrx_word' id='word_1_12' title='bbox 2038 591 2100 651; x_wconf 91' lang='lat' dir='ltr'><strong>p.</strong></span> <span class='ocrx_word' id='word_1_13' title='bbox 2145 568 2415 632; x_wconf 79' lang='lat'><strong>80—95.</strong></span> <span class='ocrx_word' id='word_1_14' title='bbox 2481 567 2819 633; x_wconf 87' lang='lat' dir='ltr'><strong>Breviores</strong></span> 
     </span>
     <span class='ocr_line' id='line_1_4' title="bbox 608 665 2064 752; baseline 0.001 -22"><span class='ocrx_word' id='word_1_15' title='bbox 608 668 805 752; x_wconf 85' lang='lat' dir='ltr'><strong>igitur</strong></span> <span class='ocrx_word' id='word_1_16' title='bbox 846 667 1089 731; x_wconf 84' lang='lat' dir='ltr'><strong>formae</strong></span> <span class='ocrx_word' id='word_1_17' title='bbox 1132 665 1215 730; x_wconf 87' lang='lat' dir='ltr'><strong>ab</strong></span> <span class='ocrx_word' id='word_1_18' title='bbox 1262 665 1526 752; x_wconf 87' lang='lat' dir='ltr'><strong>apodosi</strong></span> <span class='ocrx_word' id='word_1_19' title='bbox 1569 668 1870 734; x_wconf 79' lang='lat' dir='ltr'><strong>exclusae</strong></span> <span class='ocrx_word' id='word_1_20' title='bbox 1912 678 2064 733; x_wconf 90' lang='lat' dir='ltr'><strong>sunt</strong></span> 
     </span>
    </p>

    <p class='ocr_par' dir='ltr' id='par_1_4' title="bbox 798 768 2823 957">
     <span class='ocr_line' id='line_1_5' title="bbox 798 768 2823 836; baseline -0 -3"><span class='ocrx_word' id='word_1_21' title='bbox 798 792 854 833; x_wconf 86' lang='lat' dir='ltr'><strong>a.</strong></span> <span class='ocrx_word' id='word_1_22' title='bbox 900 768 1011 834; x_wconf 91' lang='lat' dir='ltr'><strong>ubi</strong></span> <span class='ocrx_word' id='word_1_23' title='bbox 1044 770 1304 833; x_wconf 85' lang='lat' dir='ltr'><strong>effectus</strong></span> <span class='ocrx_word' id='word_1_24' title='bbox 1333 768 1437 833; x_wconf 86' lang='lat' dir='ltr'><strong>vel</strong></span> <span class='ocrx_word' id='word_1_25' title='bbox 1468 780 1730 835; x_wconf 89' lang='lat' dir='ltr'><strong>eventus</strong></span> <span class='ocrx_word' id='word_1_26' title='bbox 1765 771 2087 836; x_wconf 87' lang='lat' dir='ltr'><strong>indicatur</strong></span> <span class='ocrx_word' id='word_1_27' title='bbox 2114 770 2356 836; x_wconf 90' lang='lat' dir='ltr'><strong>durans</strong></span> <span class='ocrx_word' id='word_1_28' title='bbox 2391 780 2453 834; x_wconf 91' lang='lat' dir='ltr'><strong>et</strong></span> <span class='ocrx_word' id='word_1_29' title='bbox 2486 771 2550 833; x_wconf 91' lang='lat' dir='ltr'><strong>in</strong></span> <span class='ocrx_word' id='word_1_30' title='bbox 2582 780 2823 835; x_wconf 87' lang='lat' dir='ltr'><strong>statum</strong></span> 
     </span>
     <span class='ocr_line' id='line_1_6' title="bbox 896 870 1575 957; baseline 0.003 -23"><span class='ocrx_word' id='word_1_31' title='bbox 896 870 1170 957; x_wconf 77' lang='lat' dir='ltr'><strong>aliquem</strong></span> <span class='ocrx_word' id='word_1_32' title='bbox 1217 870 1575 936; x_wconf 87' lang='lat' dir='ltr'><strong>traductus.</strong></span> 
     </span>
    </p>

    <p class='ocr_par' dir='ltr' id='par_1_5' title="bbox 789 970 2824 1361">
     <span class='ocr_line' id='line_1_7' title="bbox 789 970 2821 1058; baseline 0 -22"><span class='ocrx_word' id='word_1_33' title='bbox 789 971 851 1036; x_wconf 86' lang='lat' dir='ltr'><strong>b.</strong></span> <span class='ocrx_word' id='word_1_34' title='bbox 897 992 1039 1035; x_wconf 90' lang='lat' dir='ltr'><strong>cum</strong></span> <span class='ocrx_word' id='word_1_35' title='bbox 1097 970 1441 1056; x_wconf 88' lang='lat' dir='ltr'><strong>apodoseos</strong></span> <span class='ocrx_word' id='word_1_36' title='bbox 1500 972 1689 1053; x_wconf 87' lang='lat' dir='ltr'><strong>actio,</strong></span> <span class='ocrx_word' id='word_1_37' title='bbox 1751 972 2090 1037; x_wconf 88' lang='lat' dir='ltr'><strong>dummodo</strong></span> <span class='ocrx_word' id='word_1_38' title='bbox 2148 979 2477 1058; x_wconf 84' lang='lat' dir='ltr'><strong>protaseos</strong></span> <span class='ocrx_word' id='word_1_39' title='bbox 2536 972 2821 1038; x_wconf 88' lang='lat' dir='ltr'><strong>condicio</strong></span> 
     </span>
     <span class='ocr_line' id='line_1_8' title="bbox 899 1074 2824 1157; baseline -0.001 -20"><span class='ocrx_word' id='word_1_40' title='bbox 899 1095 1012 1157; x_wconf 91' lang='lat' dir='ltr'><strong>pro</strong></span> <span class='ocrx_word' id='word_1_41' title='bbox 1069 1095 1227 1139; x_wconf 86' lang='lat' dir='ltr'><strong>vera</strong></span> <span class='ocrx_word' id='word_1_42' title='bbox 1285 1075 1368 1136; x_wconf 90' lang='lat' dir='ltr'><strong>sit</strong></span> <span class='ocrx_word' id='word_1_43' title='bbox 1431 1095 1731 1139; x_wconf 87' lang='lat' dir='ltr'><strong>concessa</strong></span> <span class='ocrx_word' id='word_1_44' title='bbox 1785 1074 1887 1138; x_wconf 87' lang='lat' dir='ltr'><strong>vel</strong></span> <span class='ocrx_word' id='word_1_45' title='bbox 1931 1074 2014 1138; x_wconf 87' lang='lat' dir='ltr'><strong>ad</strong></span> <span class='ocrx_word' id='word_1_46' title='bbox 2058 1074 2349 1139; x_wconf 88' lang='lat' dir='ltr'><strong>effectum</strong></span> <span class='ocrx_word' id='word_1_47' title='bbox 2394 1075 2477 1137; x_wconf 89' lang='lat' dir='ltr'><strong>sit</strong></span> <span class='ocrx_word' id='word_1_48' title='bbox 2520 1074 2824 1156; x_wconf 88' lang='lat' dir='ltr'><strong>adducta,</strong></span> 
     </span>
     <span class='ocr_line' id='line_1_9' title="bbox 898 1175 2822 1263; baseline 0.002 -26"><span class='ocrx_word' id='word_1_49' title='bbox 898 1185 1224 1263; x_wconf 89' lang='lat' dir='ltr'><strong>tamquam</strong></span> <span class='ocrx_word' id='word_1_50' title='bbox 1293 1175 1589 1241; x_wconf 80' lang='lat' dir='ltr'>celeriter</span> <span class='ocrx_word' id='word_1_51' title='bbox 1655 1185 1717 1240; x_wconf 90' lang='lat' dir='ltr'><strong>et</strong></span> <span class='ocrx_word' id='word_1_52' title='bbox 1776 1186 1947 1241; x_wconf 85' lang='lat' dir='ltr'><strong>certo</strong></span> <span class='ocrx_word' id='word_1_53' title='bbox 2012 1181 2438 1241; x_wconf 87' lang='lat' dir='ltr'><strong>subsecutura</strong></span> <span class='ocrx_word' id='word_1_54' title='bbox 2501 1176 2822 1262; x_wconf 87' lang='lat' dir='ltr'><strong>cogitatur</strong></span> 
     </span>
     <span class='ocr_line' id='line_1_10' title="bbox 900 1275 2406 1361; baseline 0.001 -18"><span class='ocrx_word' id='word_1_55' title='bbox 900 1276 1107 1358; x_wconf 85' lang='lat' dir='ltr'><strong>(velut</strong></span> <span class='ocrx_word' id='word_1_56' title='bbox 1149 1275 1360 1340; x_wconf 87' lang='lat' dir='ltr'><strong>Plaut.</strong></span> <span class='ocrx_word' id='word_1_57' title='bbox 1405 1275 1596 1361; x_wconf 87' lang='lat' dir='ltr'><strong>Epid.</strong></span> <span class='ocrx_word' id='word_1_58' title='bbox 1640 1277 1786 1358; x_wconf 78' lang='lat'><strong>258,</strong></span> <span class='ocrx_word' id='word_1_59' title='bbox 1838 1276 1986 1341; x_wconf 87' lang='lat' dir='ltr'><strong>Ter.</strong></span> <span class='ocrx_word' id='word_1_60' title='bbox 2032 1276 2187 1341; x_wconf 90' lang='lat' dir='ltr'><strong>Hec.</strong></span> <span class='ocrx_word' id='word_1_61' title='bbox 2229 1276 2406 1361; x_wconf 81' lang='lat'><strong>424).</strong></span> 
     </span>
    </p>

    <p class='ocr_par' dir='ltr' id='par_1_6' title="bbox 796 1378 2826 1668">
     <span class='ocr_line' id='line_1_11' title="bbox 796 1378 2825 1463; baseline 0.001 -21"><span class='ocrx_word' id='word_1_62' title='bbox 796 1400 852 1446; x_wconf 92' lang='lat' dir='ltr'><strong>c.</strong></span> <span class='ocrx_word' id='word_1_63' title='bbox 897 1400 1043 1443; x_wconf 91' lang='lat' dir='ltr'><strong>cum</strong></span> <span class='ocrx_word' id='word_1_64' title='bbox 1083 1391 1182 1442; x_wconf 85' lang='lat' dir='ltr'><strong>res</strong></span> <span class='ocrx_word' id='word_1_65' title='bbox 1217 1378 1481 1463; x_wconf 89' lang='lat' dir='ltr'><strong>apodosi</strong></span> <span class='ocrx_word' id='word_1_66' title='bbox 1516 1399 1820 1463; x_wconf 87' lang='lat' dir='ltr'><strong>expressa</strong></span> <span class='ocrx_word' id='word_1_67' title='bbox 1856 1379 1949 1442; x_wconf 89' lang='lat' dir='ltr'><strong>ita</strong></span> <span class='ocrx_word' id='word_1_68' title='bbox 1985 1380 2050 1441; x_wconf 91' lang='lat' dir='ltr'><strong>in</strong></span> <span class='ocrx_word' id='word_1_69' title='bbox 2085 1388 2410 1463; x_wconf 86' lang='lat' dir='ltr'><strong>protaseos</strong></span> <span class='ocrx_word' id='word_1_70' title='bbox 2447 1379 2695 1444; x_wconf 87' lang='lat' dir='ltr'><strong>actione</strong></span> <span class='ocrx_word' id='word_1_71' title='bbox 2730 1389 2825 1444; x_wconf 87' lang='lat' dir='ltr'><strong>est</strong></span> 
     </span>
     <span class='ocr_line' id='line_1_12' title="bbox 898 1478 2826 1560; baseline 0.001 -18"><span class='ocrx_word' id='word_1_72' title='bbox 898 1478 1168 1560; x_wconf 87' lang='lat' dir='ltr'><strong>inclusa,</strong></span> <span class='ocrx_word' id='word_1_73' title='bbox 1210 1489 1283 1543; x_wconf 92' lang='lat' dir='ltr'><strong>ut</strong></span> <span class='ocrx_word' id='word_1_74' title='bbox 1326 1480 1514 1544; x_wconf 85' lang='lat' dir='ltr'><strong>simul</strong></span> <span class='ocrx_word' id='word_1_75' title='bbox 1557 1502 1706 1544; x_wconf 91' lang='lat' dir='ltr'><strong>cum</strong></span> <span class='ocrx_word' id='word_1_76' title='bbox 1744 1479 1863 1544; x_wconf 89' lang='lat' dir='ltr'><strong>hac</strong></span> <span class='ocrx_word' id='word_1_77' title='bbox 1900 1478 2195 1544; x_wconf 86' lang='lat' dir='ltr'><strong>absoluta</strong></span> <span class='ocrx_word' id='word_1_78' title='bbox 2229 1480 2451 1545; x_wconf 88' lang='lat' dir='ltr'><strong>futura</strong></span> <span class='ocrx_word' id='word_1_79' title='bbox 2475 1482 2600 1544; x_wconf 83' lang='lat' dir='ltr'><strong>sit:</strong></span> <span class='ocrx_word' id='word_1_80' title='bbox 2644 1480 2826 1545; x_wconf 91' lang='lat' dir='ltr'><strong>Mad·</strong></span> 
     </span>
     <span class='ocr_line' id='line_1_13' title="bbox 899 1580 2738 1668; baseline 0.002 -23"><span class='ocrx_word' id='word_1_81' title='bbox 899 1582 1009 1667; x_wconf 87' lang='lat' dir='ltr'><strong>vig</strong></span> <span class='ocrx_word' id='word_1_82' title='bbox 1054 1605 1116 1668; x_wconf 89' lang='lat' dir='ltr'><strong>p.</strong></span> <span class='ocrx_word' id='word_1_83' title='bbox 1158 1583 1258 1650; x_wconf 86' lang='lat'><strong>80.</strong></span> <span class='ocrx_word' id='word_1_84' title='bbox 1304 1582 1405 1663; x_wconf 85' lang='lat'><strong>84,</strong></span> <span class='ocrx_word' id='word_1_85' title='bbox 1448 1582 1776 1647; x_wconf 86' lang='lat' dir='ltr'><strong>Luebbert</strong></span> <span class='ocrx_word' id='word_1_86' title='bbox 1819 1580 1870 1647; x_wconf 93' lang='lat' dir='ltr'><strong>I.</strong></span> <span class='ocrx_word' id='word_1_87' title='bbox 1917 1605 1977 1667; x_wconf 90' lang='lat' dir='ltr'><strong>p.</strong></span> <span class='ocrx_word' id='word_1_88' title='bbox 2022 1583 2124 1663; x_wconf 75' lang='lat'><strong>85,</strong></span> <span class='ocrx_word' id='word_1_89' title='bbox 2166 1582 2246 1650; x_wconf 89' lang='lat' dir='ltr'><strong>cf.</strong></span> <span class='ocrx_word' id='word_1_90' title='bbox 2290 1604 2488 1667; x_wconf 85' lang='lat' dir='ltr'><strong>supra</strong></span> <span class='ocrx_word' id='word_1_91' title='bbox 2530 1605 2593 1667; x_wconf 88' lang='lat' dir='ltr'><strong>p.</strong></span> <span class='ocrx_word' id='word_1_92' title='bbox 2639 1583 2738 1648; x_wconf 78' lang='lat'><strong>26.</strong></span> 
     </span>
    </p>

    <p class='ocr_par' dir='ltr' id='par_1_7' title="bbox 779 1682 2825 1767">
     <span class='ocr_line' id='line_1_14' title="bbox 779 1682 2825 1767; baseline 0 -22"><span class='ocrx_word' id='word_1_93' title='bbox 779 1682 972 1747; x_wconf 90' lang='lat' dir='ltr'><strong>Velut</strong></span> <span class='ocrx_word' id='word_1_94' title='bbox 1029 1684 1094 1746; x_wconf 89' lang='lat' dir='ltr'><strong>in</strong></span> <span class='ocrx_word' id='word_1_95' title='bbox 1151 1682 1423 1748; x_wconf 83' lang='lat' dir='ltr'><strong>Casinae</strong></span> <span class='ocrx_word' id='word_1_96' title='bbox 1479 1707 1540 1748; x_wconf 86' lang='lat' dir='ltr'><strong>v.</strong></span> <span class='ocrx_word' id='word_1_97' title='bbox 1596 1682 1684 1763; x_wconf 84' lang='lat' dir='ltr'><strong>ll,</strong></span> <span class='ocrx_word' id='word_1_98' title='bbox 1748 1684 1873 1762; x_wconf 34' lang='lat'><strong>7,&lt;1</strong></span> <span class='ocrx_word' id='word_1_99' title='bbox 1938 1682 1995 1746; x_wconf 72' lang='lat' dir='ltr'><strong>si</strong></span> <span class='ocrx_word' id='word_1_100' title='bbox 2051 1703 2215 1748; x_wconf 77' lang='lat' dir='ltr'><strong>nunc</strong></span> <span class='ocrx_word' id='word_1_101' title='bbox 2275 1682 2652 1767; x_wconf 75' lang='lat' dir='ltr'><em>suspendam</em></span> <span class='ocrx_word' id='word_1_102' title='bbox 2710 1702 2825 1762; x_wconf 83' lang='lat' dir='ltr'><strong>me,</strong></span> 
     </span>
    </p>

    <p class='ocr_par' dir='ltr' id='par_1_8' title="bbox 612 1782 2823 1973">
     <span class='ocr_line' id='line_1_15' title="bbox 612 1782 2823 1870; baseline 0.002 -27"><span class='ocrx_word' id='word_1_103' title='bbox 612 1803 814 1847; x_wconf 80' lang='lat' dir='ltr'><strong>meam</strong></span> <span class='ocrx_word' id='word_1_104' title='bbox 877 1804 1136 1869; x_wconf 75' lang='lat' dir='ltr'><strong>operam</strong></span> <span class='ocrx_word' id='word_1_105' title='bbox 1194 1784 1452 1849; x_wconf 77' lang='lat' dir='ltr'><strong><em>luserim</em></strong></span> <span class='ocrx_word' id='word_1_106' title='bbox 1510 1788 1617 1865; x_wconf 83' lang='lat' dir='ltr'><strong>(cf.</strong></span> <span class='ocrx_word' id='word_1_107' title='bbox 1679 1806 1876 1869; x_wconf 87' lang='lat' dir='ltr'><strong>supra</strong></span> <span class='ocrx_word' id='word_1_108' title='bbox 1919 1809 1978 1870; x_wconf 90' lang='lat' dir='ltr'><strong>p.</strong></span> <span class='ocrx_word' id='word_1_109' title='bbox 2025 1785 2131 1866; x_wconf 85' lang='grc'><strong>28)</strong></span> <span class='ocrx_word' id='word_1_110' title='bbox 2171 1784 2377 1848; x_wconf 86' lang='lat' dir='ltr'><strong>forma</strong></span> <span class='ocrx_word' id='word_1_111' title='bbox 2422 1785 2609 1849; x_wconf 75' lang='lat' dir='ltr'><strong>lusim</strong></span> <span class='ocrx_word' id='word_1_112' title='bbox 2649 1782 2823 1847; x_wconf 90' lang='lat' dir='ltr'><strong>nullo</strong></span> 
     </span>
     <span class='ocr_line' id='line_1_16' title="bbox 612 1886 2823 1973; baseline 0.003 -27"><span class='ocrx_word' id='word_1_113' title='bbox 612 1895 799 1967; x_wconf 89' lang='lat' dir='ltr'><strong>pacto</strong></span> <span class='ocrx_word' id='word_1_114' title='bbox 861 1887 1009 1970; x_wconf 89' lang='lat' dir='ltr'><strong>poni</strong></span> <span class='ocrx_word' id='word_1_115' title='bbox 1066 1888 1304 1973; x_wconf 89' lang='lat' dir='ltr'><strong>potuit;</strong></span> <span class='ocrx_word' id='word_1_116' title='bbox 1371 1908 1522 1949; x_wconf 89' lang='lat' dir='ltr'><strong>nam</strong></span> <span class='ocrx_word' id='word_1_117' title='bbox 1581 1886 1739 1950; x_wconf 90' lang='lat' dir='ltr'><strong>illud</strong></span> <span class='ocrx_word' id='word_1_118' title='bbox 1784 1909 2042 1972; x_wconf 86' lang='lat' dir='ltr'><strong>operam</strong></span> <span class='ocrx_word' id='word_1_119' title='bbox 2082 1887 2304 1952; x_wconf 89' lang='lat' dir='ltr'><strong>ludere</strong></span> <span class='ocrx_word' id='word_1_120' title='bbox 2349 1908 2472 1951; x_wconf 90' lang='lat' dir='ltr'><strong>non</strong></span> <span class='ocrx_word' id='word_1_121' title='bbox 2519 1897 2611 1950; x_wconf 87' lang='lat' dir='ltr'><strong>est</strong></span> <span class='ocrx_word' id='word_1_122' title='bbox 2654 1887 2823 1952; x_wconf 91' lang='lat' dir='ltr'><strong>actio</strong></span> 
     </span>
    </p>
   </div>
   <div class='ocr_carea' id='block_1_4' title="bbox 610 1980 2825 2168">
    <p class='ocr_par' dir='ltr' id='par_1_9' title="bbox 610 1980 2825 2168">
     <span class='ocr_line' id='line_1_17' title="bbox 610 1980 2825 2076; baseline 0.001 -27"><span class='ocrx_word' id='word_1_123' title='bbox 610 2008 725 2069; x_wconf 88' lang='lat' dir='ltr'><strong>per</strong></span> <span class='ocrx_word' id='word_1_124' title='bbox 765 2009 830 2049; x_wconf 86' lang='lat' dir='ltr'><strong>se</strong></span> <span class='ocrx_word' id='word_1_125' title='bbox 872 1999 1189 2070; x_wconf 75' lang='lat' dir='ltr'><strong>constanS,</strong></span> <span class='ocrx_word' id='word_1_126' title='bbox 1244 1989 1353 2053; x_wconf 87' lang='lat' dir='ltr'><strong>sed</strong></span> <span class='ocrx_word' id='word_1_127' title='bbox 1397 2000 1490 2053; x_wconf 90' lang='lat' dir='ltr'><strong>est</strong></span> <span class='ocrx_word' id='word_1_128' title='bbox 1534 1980 1797 2054; x_wconf 85' lang='lat' dir='ltr'><strong>eventus</strong></span> <span class='ocrx_word' id='word_1_129' title='bbox 1839 1990 2214 2076; x_wconf 87' lang='lat' dir='ltr'><strong>fructusque</strong></span> <span class='ocrx_word' id='word_1_130' title='bbox 2256 1989 2523 2054; x_wconf 89' lang='lat' dir='ltr'><strong>actionis</strong></span> <span class='ocrx_word' id='word_1_131' title='bbox 2565 2010 2825 2074; x_wconf 88' lang='lat' dir='ltr'><strong>suspen·</strong></span> 
     </span>
     <span class='ocr_line' id='line_1_18' title="bbox 613 2090 895 2168; baseline -0.004 -15"><span class='ocrx_word' id='word_1_132' title='bbox 613 2090 895 2168; x_wconf 84' lang='lat' dir='ltr'><strong>dendi1).</strong></span> 
     </span>
    </p>
   </div>
   <div class='ocr_carea' id='block_1_5' title="bbox 609 2362 2827 3477">
    <p class='ocr_par' dir='ltr' id='par_1_10' title="bbox 645 2362 2788 2437">
     <span class='ocr_line' id='line_1_19' title="bbox 645 2362 2788 2437; baseline 0 -18"><span class='ocrx_word' id='word_1_133' title='bbox 645 2364 735 2419; x_wconf 90' lang='lat' dir='ltr'><strong>De</strong></span> <span class='ocrx_word' id='word_1_134' title='bbox 771 2362 1017 2422; x_wconf 83' lang='lat' dir='ltr'><strong>ratione</strong></span> <span class='ocrx_word' id='word_1_135' title='bbox 1051 2363 1320 2434; x_wconf 80' lang='lat' dir='ltr'><strong>perfecti</strong></span> <span class='ocrx_word' id='word_1_136' title='bbox 1355 2364 1732 2422; x_wconf 84' lang='lat' dir='ltr'><strong>coniunctivi</strong></span> <span class='ocrx_word' id='word_1_137' title='bbox 1771 2365 1835 2420; x_wconf 91' lang='lat' dir='ltr'><strong>in</strong></span> <span class='ocrx_word' id='word_1_138' title='bbox 1870 2365 2115 2437; x_wconf 82' lang='lat' dir='ltr'><strong>protasi</strong></span> <span class='ocrx_word' id='word_1_139' title='bbox 2140 2365 2550 2422; x_wconf 73' lang='lat' dir='ltr'><strong>condicionali</strong></span> <span class='ocrx_word' id='word_1_140' title='bbox 2574 2365 2788 2436; x_wconf 86' lang='lat' dir='ltr'><strong>positi.</strong></span> 
     </span>
    </p>

    <p class='ocr_par' dir='ltr' id='par_1_11' title="bbox 609 2466 2827 3477">
     <span class='ocr_line' id='line_1_20' title="bbox 777 2466 2823 2557; baseline 0.001 -24"><span class='ocrx_word' id='word_1_141' title='bbox 777 2466 964 2547; x_wconf 80' lang='lat' dir='ltr'><strong>Quae</strong></span> <span class='ocrx_word' id='word_1_142' title='bbox 1008 2469 1288 2535; x_wconf 87' lang='lat' dir='ltr'><strong>rationes</strong></span> <span class='ocrx_word' id='word_1_143' title='bbox 1332 2470 1395 2533; x_wconf 91' lang='lat' dir='ltr'><strong>in</strong></span> <span class='ocrx_word' id='word_1_144' title='bbox 1442 2470 1703 2556; x_wconf 88' lang='lat' dir='ltr'><strong>apodosi</strong></span> <span class='ocrx_word' id='word_1_145' title='bbox 1738 2471 2126 2557; x_wconf 79' lang='lat' dir='ltr'><strong>usurpandis</strong></span> <span class='ocrx_word' id='word_1_146' title='bbox 2162 2471 2378 2536; x_wconf 88' lang='lat' dir='ltr'><strong>formis</strong></span> <span class='ocrx_word' id='word_1_147' title='bbox 2416 2471 2823 2537; x_wconf 88' lang='lat' dir='ltr'><strong>brevioribus</strong></span> 
     </span>
     <span class='ocr_line' id='line_1_21' title="bbox 610 2569 2824 2659; baseline 0.001 -26"><span class='ocrx_word' id='word_1_148' title='bbox 610 2569 975 2652; x_wconf 80' lang='lat' dir='ltr'><strong>obstabant,</strong></span> <span class='ocrx_word' id='word_1_149' title='bbox 1015 2592 1090 2633; x_wconf 91' lang='lat' dir='ltr'><strong>ea</strong></span> <span class='ocrx_word' id='word_1_150' title='bbox 1124 2571 1283 2634; x_wconf 87' lang='lat' dir='ltr'>nihil</span> <span class='ocrx_word' id='word_1_151' title='bbox 1318 2571 1626 2637; x_wconf 86' lang='lat' dir='ltr'><strong>valebant</strong></span> <span class='ocrx_word' id='word_1_152' title='bbox 1659 2573 1720 2636; x_wconf 88' lang='lat' dir='ltr'><strong>in</strong></span> <span class='ocrx_word' id='word_1_153' title='bbox 1760 2574 2020 2658; x_wconf 82' lang='lat' dir='ltr'><strong>protasi.</strong></span> <span class='ocrx_word' id='word_1_154' title='bbox 2079 2572 2464 2655; x_wconf 80' lang='lat' dir='ltr'><strong>Accedebat,</strong></span> <span class='ocrx_word' id='word_1_155' title='bbox 2500 2572 2669 2659; x_wconf 84' lang='lat' dir='ltr'><strong>quod</strong></span> <span class='ocrx_word' id='word_1_156' title='bbox 2710 2594 2824 2637; x_wconf 87' lang='lat' dir='ltr'><strong>eae</strong></span> 
     </span>
     <span class='ocr_line' id='line_1_22' title="bbox 609 2671 2824 2760; baseline 0.002 -26"><span class='ocrx_word' id='word_1_157' title='bbox 609 2671 849 2735; x_wconf 85' lang='lat' dir='ltr'><strong>formae</strong></span> <span class='ocrx_word' id='word_1_158' title='bbox 893 2673 1083 2736; x_wconf 89' lang='lat' dir='ltr'><strong>etiam</strong></span> <span class='ocrx_word' id='word_1_159' title='bbox 1125 2674 1615 2759; x_wconf 87' lang='lat' dir='ltr'><strong>‘coniugationis</strong></span> <span class='ocrx_word' id='word_1_160' title='bbox 1658 2674 2185 2760; x_wconf 88' lang='lat' dir='ltr'><strong>periphrasticae’</strong></span> <span class='ocrx_word' id='word_1_161' title='bbox 2227 2676 2445 2759; x_wconf 49' lang='lat' dir='ltr'><strong>(arus</strong></span> <span class='ocrx_word' id='word_1_162' title='bbox 2488 2677 2633 2753; x_wconf 81' lang='lat' dir='ltr'><strong>sim)</strong></span> <span class='ocrx_word' id='word_1_163' title='bbox 2678 2696 2824 2760; x_wconf 87' lang='lat' dir='ltr'><strong>par-</strong></span> 
     </span>
     <span class='ocr_line' id='line_1_23' title="bbox 611 2775 2823 2862; baseline 0 -25"><span class='ocrx_word' id='word_1_164' title='bbox 611 2785 704 2838; x_wconf 87' lang='lat' dir='ltr'><strong>tes</strong></span> <span class='ocrx_word' id='word_1_165' title='bbox 762 2777 1145 2844; x_wconf 85' lang='lat' dir='ltr'><strong>sustinerent</strong></span> <span class='ocrx_word' id='word_1_166' title='bbox 1202 2776 1305 2859; x_wconf 87' lang='lat' dir='ltr'><strong>(cf.</strong></span> <span class='ocrx_word' id='word_1_167' title='bbox 1363 2800 1426 2862; x_wconf 91' lang='lat' dir='ltr'><strong>p.</strong></span> <span class='ocrx_word' id='word_1_168' title='bbox 1487 2776 1631 2857; x_wconf 86' lang='lat'><strong>13.).</strong></span> <span class='ocrx_word' id='word_1_169' title='bbox 1717 2775 1960 2840; x_wconf 87' lang='lat' dir='ltr'><strong>Tamen</strong></span> <span class='ocrx_word' id='word_1_170' title='bbox 2016 2798 2095 2839; x_wconf 91' lang='lat' dir='ltr'><strong>ne</strong></span> <span class='ocrx_word' id='word_1_171' title='bbox 2145 2777 2212 2839; x_wconf 91' lang='lat' dir='ltr'><strong>in</strong></span> <span class='ocrx_word' id='word_1_172' title='bbox 2271 2776 2513 2861; x_wconf 86' lang='lat' dir='ltr'><strong>protasi</strong></span> <span class='ocrx_word' id='word_1_173' title='bbox 2568 2775 2823 2861; x_wconf 86' lang='lat' dir='ltr'><strong>quidem</strong></span> 
     </span>
     <span class='ocr_line' id='line_1_24' title="bbox 610 2878 2824 2969; baseline 0.001 -31"><span class='ocrx_word' id='word_1_174' title='bbox 610 2898 848 2963; x_wconf 88' lang='lat' dir='ltr'><strong>magna</strong></span> <span class='ocrx_word' id='word_1_175' title='bbox 901 2887 996 2941; x_wconf 90' lang='lat' dir='ltr'><strong>est</strong></span> <span class='ocrx_word' id='word_1_176' title='bbox 1051 2898 1271 2941; x_wconf 90' lang='lat' dir='ltr'><strong>earum</strong></span> <span class='ocrx_word' id='word_1_177' title='bbox 1328 2878 1715 2964; x_wconf 83' lang='lat' dir='ltr'><strong>frequentia:</strong></span> <span class='ocrx_word' id='word_1_178' title='bbox 1788 2879 2246 2965; x_wconf 86' lang='lat' dir='ltr'><strong>frequentiores</strong></span> <span class='ocrx_word' id='word_1_179' title='bbox 2301 2888 2448 2942; x_wconf 89' lang='lat' dir='ltr'><strong>sunt</strong></span> <span class='ocrx_word' id='word_1_180' title='bbox 2499 2878 2741 2969; x_wconf 74' lang='lat' dir='ltr'><strong>formae</strong></span> <span class='ocrx_word' id='word_1_181' title='bbox 2787 2899 2824 2941; x_wconf 79' lang='lat' dir='ltr'><strong>r</strong></span> 
     </span>
     <span class='ocr_line' id='line_1_25' title="bbox 616 2973 2824 3066; baseline 0.002 -27"><span class='ocrx_word' id='word_1_182' title='bbox 616 2973 830 3042; x_wconf 82' lang='lat' dir='ltr'><strong>littera</strong></span> <span class='ocrx_word' id='word_1_183' title='bbox 888 2979 1186 3064; x_wconf 83' lang='lat' dir='ltr'><strong>insignes.</strong></span> <span class='ocrx_word' id='word_1_184' title='bbox 1281 2980 1493 3064; x_wconf 89' lang='lat' dir='ltr'><strong>Atque</strong></span> <span class='ocrx_word' id='word_1_185' title='bbox 1548 3001 1770 3044; x_wconf 89' lang='lat' dir='ltr'><strong>earum</strong></span> <span class='ocrx_word' id='word_1_186' title='bbox 1826 2982 1890 3044; x_wconf 91' lang='lat' dir='ltr'><strong>in</strong></span> <span class='ocrx_word' id='word_1_187' title='bbox 1945 2986 2098 3044; x_wconf 79' lang='lat' dir='ltr'><strong>-rim</strong></span> <span class='ocrx_word' id='word_1_188' title='bbox 2155 2980 2525 3061; x_wconf 88' lang='lat' dir='ltr'><strong>formarum,</strong></span> <span class='ocrx_word' id='word_1_189' title='bbox 2590 2979 2824 3066; x_wconf 89' lang='lat' dir='ltr'><strong>quibus</strong></span> 
     </span>
     <span class='ocr_line' id='line_1_26' title="bbox 612 3080 2826 3166; baseline 0 -23"><span class='ocrx_word' id='word_1_190' title='bbox 612 3081 992 3165; x_wconf 87' lang='lat' dir='ltr'><strong>respondent</strong></span> <span class='ocrx_word' id='word_1_191' title='bbox 1038 3081 1369 3147; x_wconf 87' lang='lat' dir='ltr'><strong>sibilantes</strong></span> <span class='ocrx_word' id='word_1_192' title='bbox 1403 3083 1664 3166; x_wconf 85' lang='lat' dir='ltr'><strong>formae,</strong></span> <span class='ocrx_word' id='word_1_193' title='bbox 1708 3085 1772 3148; x_wconf 91' lang='lat' dir='ltr'><strong>in</strong></span> <span class='ocrx_word' id='word_1_194' title='bbox 1809 3085 2097 3148; x_wconf 89' lang='lat' dir='ltr'><strong>oratione</strong></span> <span class='ocrx_word' id='word_1_195' title='bbox 2131 3080 2380 3146; x_wconf 85' lang='lat' dir='ltr'><strong>directa</strong></span> <span class='ocrx_word' id='word_1_196' title='bbox 2412 3091 2474 3145; x_wconf 88' lang='lat' dir='ltr'><strong>et</strong></span> <span class='ocrx_word' id='word_1_197' title='bbox 2511 3081 2826 3145; x_wconf 86' lang='lat' dir='ltr'><strong>indirecta</strong></span> 
     </span>
     <span class='ocr_line' id='line_1_27' title="bbox 609 3183 2826 3272; baseline -0 -26"><span class='ocrx_word' id='word_1_198' title='bbox 609 3192 864 3247; x_wconf 83' lang='lat' dir='ltr'><strong>exstant</strong></span> <span class='ocrx_word' id='word_1_199' title='bbox 921 3186 1214 3271; x_wconf 88' lang='lat' dir='ltr'><strong>exempla</strong></span> <span class='ocrx_word' id='word_1_200' title='bbox 1275 3186 1408 3251; x_wconf 87' lang='lat' dir='ltr'><strong>fere</strong></span> <span class='ocrx_word' id='word_1_201' title='bbox 1471 3187 1699 3272; x_wconf 86' lang='lat' dir='ltr'><strong>viginti</strong></span> <span class='ocrx_word' id='word_1_202' title='bbox 1751 3185 1897 3256; x_wconf 83' lang='lat' dir='ltr'><strong>duo.</strong></span> <span class='ocrx_word' id='word_1_203' title='bbox 1988 3183 2227 3249; x_wconf 82' lang='lat' dir='ltr'><strong>Contra</strong></span> <span class='ocrx_word' id='word_1_204' title='bbox 2281 3183 2516 3248; x_wconf 88' lang='lat' dir='ltr'><strong>formas</strong></span> <span class='ocrx_word' id='word_1_205' title='bbox 2571 3183 2636 3245; x_wconf 92' lang='lat' dir='ltr'><strong>in</strong></span> <span class='ocrx_word' id='word_1_206' title='bbox 2680 3183 2826 3246; x_wconf 80' lang='lat' dir='ltr'><strong>·sim</strong></span> 
     </span>
     <span class='ocr_line' id='line_1_28' title="bbox 612 3284 2824 3375; baseline 0.001 -27"><span class='ocrx_word' id='word_1_207' title='bbox 612 3284 963 3350; x_wconf 88' lang='lat' dir='ltr'><strong>desinentes</strong></span> <span class='ocrx_word' id='word_1_208' title='bbox 1020 3289 1271 3352; x_wconf 89' lang='lat' dir='ltr'><strong>omnino</strong></span> <span class='ocrx_word' id='word_1_209' title='bbox 1329 3289 1548 3353; x_wconf 89' lang='lat' dir='ltr'><strong>decem</strong></span> <span class='ocrx_word' id='word_1_210' title='bbox 1611 3299 1675 3353; x_wconf 90' lang='lat' dir='ltr'><strong>et</strong></span> <span class='ocrx_word' id='word_1_211' title='bbox 1726 3299 1965 3375; x_wconf 88' lang='lat' dir='ltr'><strong>septem</strong></span> <span class='ocrx_word' id='word_1_212' title='bbox 2012 3287 2166 3353; x_wconf 91' lang='lat' dir='ltr'><strong>locis</strong></span> <span class='ocrx_word' id='word_1_213' title='bbox 2209 3286 2482 3353; x_wconf 87' lang='lat' dir='ltr'><strong>inveniri</strong></span> <span class='ocrx_word' id='word_1_214' title='bbox 2525 3285 2824 3351; x_wconf 88' lang='lat' dir='ltr'><strong>vidimus.</strong></span> 
     </span>
     <span class='ocr_line' id='line_1_29' title="bbox 611 3386 2827 3477; baseline 0.001 -28"><span class='ocrx_word' id='word_1_215' title='bbox 611 3386 901 3473; x_wconf 88' lang='lat' dir='ltr'><strong>Denique</strong></span> <span class='ocrx_word' id='word_1_216' title='bbox 954 3389 1318 3471; x_wconf 86' lang='lat' dir='ltr'><strong>verborum,</strong></span> <span class='ocrx_word' id='word_1_217' title='bbox 1385 3411 1551 3477; x_wconf 88' lang='lat' dir='ltr'><strong>quae</strong></span> <span class='ocrx_word' id='word_1_218' title='bbox 1609 3390 1904 3457; x_wconf 86' lang='lat' dir='ltr'><strong>breviore</strong></span> <span class='ocrx_word' id='word_1_219' title='bbox 1959 3391 2163 3456; x_wconf 87' lang='lat' dir='ltr'><strong>forma</strong></span> <span class='ocrx_word' id='word_1_220' title='bbox 2221 3400 2460 3470; x_wconf 81' lang='lat' dir='ltr'><strong>carent,</strong></span> <span class='ocrx_word' id='word_1_221' title='bbox 2533 3387 2827 3473; x_wconf 84' lang='lat' dir='ltr'><strong>exempla</strong></span> 
     </span>
    </p>
   </div>
   <div class='ocr_carea' id='block_1_6' title="bbox 610 3603 2825 3843">
    <p class='ocr_par' dir='ltr' id='par_1_12' title="bbox 610 3603 2825 3843">
     <span class='ocr_line' id='line_1_30' title="bbox 610 3603 2824 3673; baseline 0 -22"><span class='ocrx_word' id='word_1_222' title='bbox 610 3617 770 3665; x_wconf 78' lang='lat' dir='ltr'><strong>neque</strong></span> <span class='ocrx_word' id='word_1_223' title='bbox 795 3606 854 3652; x_wconf 78' lang='lat' dir='ltr'><strong>in</strong></span> <span class='ocrx_word' id='word_1_224' title='bbox 878 3608 1063 3653; x_wconf 79' lang='lat' dir='ltr'><strong>eventu</strong></span> <span class='ocrx_word' id='word_1_225' title='bbox 1082 3606 1270 3667; x_wconf 79' lang='lat' dir='ltr'><strong>futuro</strong></span> <span class='ocrx_word' id='word_1_226' title='bbox 1305 3608 1380 3654; x_wconf 78' lang='lat' dir='ltr'><strong>rei</strong></span> <span class='ocrx_word' id='word_1_227' title='bbox 1412 3610 1735 3668; x_wconf 78' lang='lat' dir='ltr'><strong>praeteritae,</strong></span> <span class='ocrx_word' id='word_1_228' title='bbox 1775 3623 1904 3670; x_wconf 81' lang='lat' dir='ltr'><strong>quae</strong></span> <span class='ocrx_word' id='word_1_229' title='bbox 1944 3608 2044 3658; x_wconf 79' lang='lat' dir='ltr'><strong>duo</strong></span> <span class='ocrx_word' id='word_1_230' title='bbox 2079 3603 2265 3673; x_wconf 77' lang='lat' dir='ltr'><strong>yene&#39;ra</strong></span> <span class='ocrx_word' id='word_1_231' title='bbox 2298 3610 2459 3671; x_wconf 80' lang='lat' dir='ltr'><strong>paulo</strong></span> <span class='ocrx_word' id='word_1_232' title='bbox 2496 3612 2615 3657; x_wconf 77' lang='lat' dir='ltr'><strong>ante.</strong></span> <span class='ocrx_word' id='word_1_233' title='bbox 2640 3607 2709 3669; x_wconf 91' lang='lat' dir='ltr'><strong>[p.</strong></span> <span class='ocrx_word' id='word_1_234' title='bbox 2736 3607 2824 3665; x_wconf 86' lang='grc'><strong>78]</strong></span> 
     </span>
     <span class='ocr_line' id='line_1_31' title="bbox 611 3693 2825 3768; baseline 0.002 -31"><span class='ocrx_word' id='word_1_235' title='bbox 611 3694 780 3768; x_wconf 60' lang='lat' dir='ltr'><strong>atttyi,</strong></span> <span class='ocrx_word' id='word_1_236' title='bbox 833 3694 952 3742; x_wconf 78' lang='lat' dir='ltr'><strong>hacc</strong></span> <span class='ocrx_word' id='word_1_237' title='bbox 982 3693 1161 3754; x_wconf 77' lang='lat' dir='ltr'><strong>forma</strong></span> <span class='ocrx_word' id='word_1_238' title='bbox 1192 3696 1424 3757; x_wconf 78' lang='lat' dir='ltr'><strong>ponitur,</strong></span> <span class='ocrx_word' id='word_1_239' title='bbox 1475 3695 1606 3756; x_wconf 78' lang='lat' dir='ltr'><strong>quod</strong></span> <span class='ocrx_word' id='word_1_240' title='bbox 1638 3696 1716 3745; x_wconf 72' lang='lat' dir='ltr'><strong>ibi</strong></span> <span class='ocrx_word' id='word_1_241' title='bbox 1767 3698 1998 3756; x_wconf 76' lang='lat' dir='ltr'><strong>apertius</strong></span> <span class='ocrx_word' id='word_1_242' title='bbox 2034 3697 2290 3747; x_wconf 80' lang='lat' dir='ltr'><strong>adiuncta</strong></span> <span class='ocrx_word' id='word_1_243' title='bbox 2334 3697 2518 3758; x_wconf 78' lang='lat' dir='ltr'><strong>futuro</strong></span> <span class='ocrx_word' id='word_1_244' title='bbox 2555 3695 2825 3759; x_wconf 71' lang='lat' dir='ltr'><strong>praeteriti</strong></span> 
     </span>
     <span class='ocr_line' id='line_1_32' title="bbox 612 3780 1774 3843; baseline 0.004 -15"><span class='ocrx_word' id='word_1_245' title='bbox 612 3782 924 3843; x_wconf 62' lang='lat' dir='ltr'><strong>significatio</strong></span> <span class='ocrx_word' id='word_1_246' title='bbox 961 3786 1044 3830; x_wconf 80' lang='lat' dir='ltr'><strong>est.</strong></span> <span class='ocrx_word' id='word_1_247' title='bbox 1119 3780 1259 3830; x_wconf 84' lang='lat' dir='ltr'><strong>Conf.</strong></span> <span class='ocrx_word' id='word_1_248' title='bbox 1298 3784 1548 3833; x_wconf 82' lang='lat' dir='ltr'><strong>Luebbert</strong></span> <span class='ocrx_word' id='word_1_249' title='bbox 1584 3785 1619 3833; x_wconf 95' lang='lat' dir='ltr'><strong>l.</strong></span> <span class='ocrx_word' id='word_1_250' title='bbox 1655 3799 1694 3833; x_wconf 82' lang='lat' dir='ltr'><strong>s.</strong></span> <span class='ocrx_word' id='word_1_251' title='bbox 1736 3799 1774 3834; x_wconf 86' lang='lat' dir='ltr'><strong>s.</strong></span> 
     </span>
    </p>
   </div>
   <div class='ocr_carea' id='block_1_7' title="bbox 615 3876 2825 4034">
    <p class='ocr_par' dir='ltr' id='par_1_13' title="bbox 615 3876 2825 4034">
     <span class='ocr_line' id='line_1_33' title="bbox 791 3876 2823 3943; baseline 0.001 -20"><span class='ocrx_word' id='word_1_252' title='bbox 791 3876 835 3939; x_wconf 81' lang='lat'><strong>¹)</strong></span> <span class='ocrx_word' id='word_1_253' title='bbox 874 3878 928 3924; x_wconf 87' lang='lat' dir='ltr'><strong>ln</strong></span> <span class='ocrx_word' id='word_1_254' title='bbox 971 3879 1216 3928; x_wconf 78' lang='lat' dir='ltr'><strong>eiusmodi</strong></span> <span class='ocrx_word' id='word_1_255' title='bbox 1270 3881 1545 3929; x_wconf 82' lang='lat' dir='ltr'><strong>enuntiatis</strong></span> <span class='ocrx_word' id='word_1_256' title='bbox 1585 3895 1646 3929; x_wconf 86' lang='lat' dir='ltr'><strong>ne</strong></span> <span class='ocrx_word' id='word_1_257' title='bbox 1683 3884 1839 3930; x_wconf 78' lang='lat' dir='ltr'><strong>futuri</strong></span> <span class='ocrx_word' id='word_1_258' title='bbox 1880 3882 2090 3943; x_wconf 77' lang='lat' dir='ltr'><strong>quidem</strong></span> <span class='ocrx_word' id='word_1_259' title='bbox 2125 3882 2440 3931; x_wconf 79' lang='lat' dir='ltr'><strong>indicativus·</strong></span> <span class='ocrx_word' id='word_1_260' title='bbox 2469 3895 2555 3943; x_wconf 81' lang='lat' dir='ltr'><strong>per</strong></span> <span class='ocrx_word' id='word_1_261' title='bbox 2591 3897 2643 3929; x_wconf 74' lang='lat' dir='ltr'><strong>-s</strong></span> <span class='ocrx_word' id='word_1_262' title='bbox 2679 3880 2823 3928; x_wconf 75' lang='lat' dir='ltr'><strong>fictus</strong></span> 
     </span>
     <span class='ocr_line' id='line_1_34' title="bbox 615 3964 2825 4034; baseline 0.004 -25"><span class='ocrx_word' id='word_1_263' title='bbox 615 3964 781 4011; x_wconf 86' lang='lat' dir='ltr'><strong>locum</strong></span> <span class='ocrx_word' id='word_1_264' title='bbox 808 3965 982 4014; x_wconf 82' lang='lat' dir='ltr'><strong>habet:</strong></span> <span class='ocrx_word' id='word_1_265' title='bbox 1018 3968 1078 4014; x_wconf 83' lang='lat' dir='ltr'><strong>cf.</strong></span> <span class='ocrx_word' id='word_1_266' title='bbox 1105 3981 1154 4028; x_wconf 82' lang='lat' dir='ltr'><strong>p.</strong></span> <span class='ocrx_word' id='word_1_267' title='bbox 1183 3969 1245 4016; x_wconf 76' lang='lat'><strong>‘79</strong></span> <span class='ocrx_word' id='word_1_268' title='bbox 1275 3974 1376 4018; x_wconf 88' lang='lat' dir='ltr'><strong>not.</strong></span> <span class='ocrx_word' id='word_1_269' title='bbox 1407 3972 1452 4018; x_wconf 79' lang='lat'><strong>2.</strong></span> <span class='ocrx_word' id='word_1_270' title='bbox 1497 3971 1601 4019; x_wconf 78' lang='lat' dir='ltr'><strong>Pro</strong></span> <span class='ocrx_word' id='word_1_271' title='bbox 1638 3988 1711 4034; x_wconf 81' lang='lat' dir='ltr'><strong>eo,</strong></span> <span class='ocrx_word' id='word_1_272' title='bbox 1749 3973 1885 4034; x_wconf 83' lang='lat' dir='ltr'><strong>quod</strong></span> <span class='ocrx_word' id='word_1_273' title='bbox 1908 3973 2159 4023; x_wconf 75' lang='lat' dir='ltr'><strong>dicimus:</strong></span> <span class='ocrx_word' id='word_1_274' title='bbox 2201 3975 2249 4020; x_wconf 75' lang='lat' dir='ltr'><strong>si</strong></span> <span class='ocrx_word' id='word_1_275' title='bbox 2282 3973 2376 4020; x_wconf 81' lang='lat' dir='ltr'><strong>hoc</strong></span> <span class='ocrx_word' id='word_1_276' title='bbox 2406 3973 2590 4033; x_wconf 75' lang='lat' dir='ltr'><strong>feceris</strong></span> <span class='ocrx_word' id='word_1_277' title='bbox 2626 3966 2825 4033; x_wconf 74' lang='lat' dir='ltr'><strong>(faxis),</strong></span> 
     </span>
    </p>
   </div>
   <div class='ocr_carea' id='block_1_8' title="bbox 613 4058 2827 4211">
    <p class='ocr_par' dir='ltr' id='par_1_14' title="bbox 613 4058 2827 4211">
     <span class='ocr_line' id='line_1_35' title="bbox 613 4058 2827 4122; baseline 0.003 -22"><span class='ocrx_word' id='word_1_278' title='bbox 613 4067 806 4113; x_wconf 75' lang='lat' dir='ltr'><strong>mayna</strong></span> <span class='ocrx_word' id='word_1_279' title='bbox 840 4068 918 4101; x_wconf 78' lang='lat' dir='ltr'><strong>me</strong></span> <span class='ocrx_word' id='word_1_280' title='bbox 955 4068 1080 4103; x_wconf 78' lang='lat' dir='ltr'><strong>cura</strong></span> <span class='ocrx_word' id='word_1_281' title='bbox 1116 4058 1320 4117; x_wconf 80' lang='lat' dir='ltr'><strong>levaris,</strong></span> <span class='ocrx_word' id='word_1_282' title='bbox 1357 4073 1506 4107; x_wconf 78' lang='lat' dir='ltr'><strong>nemo</strong></span> <span class='ocrx_word' id='word_1_283' title='bbox 1545 4060 1711 4110; x_wconf 73' lang='lat' dir='ltr'><strong>dixit:</strong></span> <span class='ocrx_word' id='word_1_284' title='bbox 1744 4064 1790 4110; x_wconf 75' lang='lat' dir='ltr'><strong>si</strong></span> <span class='ocrx_word' id='word_1_285' title='bbox 1826 4063 1917 4108; x_wconf 82' lang='lat' dir='ltr'><strong>hoc</strong></span> <span class='ocrx_word' id='word_1_286' title='bbox 1948 4062 2126 4122; x_wconf 69' lang='lat' dir='ltr'><strong>feceris</strong></span> <span class='ocrx_word' id='word_1_287' title='bbox 2153 4062 2349 4122; x_wconf 71' lang='lat' dir='ltr'><strong>(faxis),</strong></span> <span class='ocrx_word' id='word_1_288' title='bbox 2382 4074 2574 4122; x_wconf 72' lang='lat' dir='ltr'><strong>mayna</strong></span> <span class='ocrx_word' id='word_1_289' title='bbox 2597 4073 2675 4107; x_wconf 81' lang='lat' dir='ltr'><strong>me</strong></span> <span class='ocrx_word' id='word_1_290' title='bbox 2698 4071 2827 4114; x_wconf 74' lang='lat' dir='ltr'><strong>cura</strong></span> 
     </span>
     <span class='ocr_line' id='line_1_36' title="bbox 616 4146 1417 4211; baseline 0.001 -17"><span class='ocrx_word' id='word_1_291' title='bbox 616 4149 716 4194; x_wconf 85' lang='lat' dir='ltr'><strong>lev</strong></span> <span class='ocrx_word' id='word_1_292' title='bbox 738 4148 930 4194; x_wconf 74' lang='lat' dir='ltr'><strong>assis.</strong></span> <span class='ocrx_word' id='word_1_293' title='bbox 1005 4146 1202 4206; x_wconf 56' lang='lat' dir='ltr'><strong>(Madv.</strong></span> <span class='ocrx_word' id='word_1_294' title='bbox 1231 4164 1278 4211; x_wconf 84' lang='lat' dir='ltr'><strong>p.</strong></span> <span class='ocrx_word' id='word_1_295' title='bbox 1317 4153 1417 4207; x_wconf 81' lang='lat'><strong>80).</strong></span> 
     </span>
    </p>
   </div>
  </div>
 </body>
</html>
