3116 4790
1626 374 1710 439 62

552 577 837 654 pantque
880 569 1047 632 inter
1090 591 1156 632 se
1198 572 1334 634 eius
1381 575 1554 636 vocis
1601 574 2046 659 collocatione3
2089 581 2156 639 tu
2200 578 2480 642 ostendes
2528 583 2584 644 te
2617 580 2785 645 Tho-

547 691 684 733 mas
726 669 764 734 l.
810 692 858 736 s.
902 692 948 735 s.
996 694 1051 754 p,
1105 672 1202 735 12.

717 789 988 854 Bentleii
1032 792 1403 856 coniectura
1447 816 1562 876 per
1607 816 1672 856 se
1717 815 1870 858 sane
1914 805 2008 859 est
2045 797 2317 880 optima3
2364 797 2473 861 sed
2521 799 2778 863 modum

550 890 877 955 iussivu
902 913 992 971 m,
1042 891 1143 955 vel
1191 902 1262 957 ut
1310 895 1552 958 rectius
1597 895 1806 960 dicam
1846 896 2051 960 futuri
2093 899 2309 963 exacti
2352 898 2779 967 indicativum

548 993 1023 1077 agnoscendum
1081 1017 1215 1059 esse
1273 1006 1444 1061 recte
1501 997 1666 1061 vidit
1711 997 2042 1063 Luebbert
2095 998 2146 1064 I.
2207 1023 2267 1085 p.
2315 1000 2395 1064 92
2421 1000 2487 1081 ¹).
2576 1001 2779 1065 Simili

547 1093 732 1158 modo
792 1094 1136 1160 ostenderis
1193 1097 1257 1158 in
1321 1096 1602 1160 vetando
1656 1098 1933 1182 positum
1988 1108 2081 1162 est
2132 1098 2343 1165 Plaut.
2387 1099 2558 1166 Rud.
2616 1101 2782 1166 1135

547 1200 616 1259 tu
660 1197 815 1260 mihi
856 1197 1123 1260 nihilum
1168 1196 1528 1265 ostenderis.

702 1316 756 1381 7.
801 1314 966 1380 Eun.
1012 1316 1127 1380 591
1182 1314 1318 1399 qu
1376 1315 1704 1380 homuncio
1763 1316 1876 1381 hoc
1917 1338 2041 1381 non
2066 1318 2406 1400 facerem?
2475 1337 2580 1403 eyo
2621 1316 2784 1382 illud

797 1435 948 1478 vero
974 1413 1336 1496 fecerim
1380 1435 1453 1480 ac
1497 1416 1727 1480 lubens.

695 1532 973 1616 fecerim
1017 1533 1318 1619 Bentley:
1405 1539 1713 1617 „praestet
1754 1534 1995 1616 faxim;
2061 1534 2140 1616 cf.
2205 1534 2329 1599 Ad.
2389 1535 2539 1601 887.
2601 1535 2773 1601 &96⁴⁴

544 1633 868 1698 Dziatzko
915 1636 980 1697 in
1021 1634 1235 1699 adnot.
1296 1636 1461 1715 crit„
1526 1634 1620 1699 ita
1643 1634 1787 1717 feci
1829 1635 2015 1700 codd.
2063 1637 2301 1701 violato
2348 1647 2569 1718 metro,
2633 1642 2782 1701 item

480 1779 487 1785 .
534 1732 675 1814 feci
719 1733 927 1798 Bothe
987 1756 1257 1819 eumque
1315 1736 1515 1800 secuti
1556 1734 1933 1799 Fleckeisen
1993 1746 2056 1800 et
2115 1737 2583 1822 Umpfenbach‚
2649 1737 2782 1822 Eyo

545 1833 659 1897 hoc
700 1835 1028 1899 homuncio
1073 1882 1338 1900 .....
1386 1836 1476 1899 ita
1523 1836 1714 1918 [fect]
1761 1857 1835 1900 ac
1886 1838 2096 1902 lubens
2141 1837 2483 1918 Dziatzko,
2524 1838 2782 1920 faciam

549 1936 696 2021 (pro
723 1937 1050 2019 facerem)
1095 1937 1314 2001 Faber
1354 1949 1417 2000 et
1460 1937 1680 2002 Bothe.

714 2052 910 2118 Recte
949 2052 1162 2119 Faber
1208 2074 1286 2117 ac
1322 2052 1528 2120 Bothe
1566 2055 1632 2117 in
1671 2075 1827 2118 voce
1862 2076 2029 2138 quae
2065 2064 2159 2118 est
2183 2053 2477 2134 facerem
2497 2053 2545 2132 ²)
2590 2055 2783 2118 offen·

546 2155 797 2235 derunt,
871 2155 1145 2240 itemque
1187 2154 1460 2239 Bentley
1517 2155 1582 2217 in
1628 2176 1699 2218 eo
1747 2156 1915 2239 quod
1962 2165 2054 2219 est
2079 2155 2241 2237 feci.
2329 2155 2496 2218 Nam
2541 2175 2782 2238 prae·

548 2256 891 2319 teritum
950 2265 1199 2340 tempus
1256 2258 1322 2318 in
1383 2256 1553 2319 hunc
1615 2254 1824 2320 locum
1884 2278 2011 2321 non
2071 2256 2373 2342 quadrat.
2457 2254 2625 2322 Sane
2694 2255 2784 2335 id,

546 2356 754 2442 quode
797 2354 1088 2421 Chaerea
1147 2356 1524 2424 adulescens
1582 2355 1648 2423 h.
1705 2356 1745 2424 l.
1808 2357 2115 2443 loquitur,
2183 2358 2311 2421 iam
2371 2356 2614 2422 factum
2667 2366 2780 2422 est.

544 2457 670 2522 Sed
726 2458 780 2521 is
838 2460 1035 2524 refert
1080 2459 1465 2545 Antiphonti
1533 2459 1760 2538 amice,
1828 2459 1982 2542 quid
2030 2471 2214 2523 ante
2256 2459 2505 2524 facinus
2561 2479 2601 2521 a
2644 2480 2782 2521 sese

549 2568 883 2645 patratum
924 2582 1140 2626 secum
1185 2560 1621 2645 reputaverit3
1669 2581 1744 2622 ac
1787 2571 2000 2624 noster
2035 2583 2257 2626 versus
2294 2561 2598 2646 exprimit
2634 2582 2785 2645 par-

543 2672 672 2724 tem
714 2682 936 2726 earum
979 2663 1459 2746 cogitationum,
1511 2683 1678 2747 quae
1723 2672 1856 2727 tum
1899 2663 2099 2747 ipsius
2141 2672 2412 2726 mentem
2455 2659 2771 2725 subibant

545 2762 732 2844 (conf.
791 2786 959 2848 quae
1015 2767 1306 2848 proxime
1369 2773 1710 2829 secuntur:
1776 2763 1926 2827 dum
1989 2763 2142 2829 haec
2205 2781 2444 2827 mecum
2507 2760 2779 2844 reputo).

547 2867 897 2931 Praeterea
942 2886 1088 2928 cum
1133 2859 1348 2929 verbis
1393 2887 1560 2950 quae
1603 2874 1755 2931 sunt
1801 2885 1907 2949 eqo
1936 2863 2100 2929 illud
2131 2883 2282 2928 vero
2319 2863 2412 2928 ita
2436 2861 2576 2945 feci
2610 2859 2781 2925 male

552 2966 853 3032 convenit
896 2963 1311 3050 Antiphontis
1370 2967 1786 3050 interrogatio
1843 2970 1930 3047 (v.
1972 2965 2156 3042 604):
2230 2962 2400 3041 Quid
2441 2968 2571 3026 twm
2615 2961 2777 3045 [scil.

531 3066 821 3149 sociem?
908 3067 1075 3129 Nam
1128 3068 1180 3128 si
1224 3066 1514 3131 Chaerea
1570 3068 1661 3131 rei
1707 3068 1952 3130 exitum
1995 3068 2124 3129 iam
2172 3073 2363 3128 antea
2405 3063 2772 3144 indicasset,

546 3168 790 3233 amicus
835 3190 910 3232 ea
956 3168 1454 3252 interrogatione
1498 3170 1597 3232 uti
1642 3190 1764 3233 non
1809 3169 2034 3252 potuit.
2114 3165 2291 3245 Quid
2334 3165 2536 3250 igitur
2582 3185 2776 3228 versu

548 3269 666 3332 591
716 3267 1087 3331 faciamus?
1132 3268 1446 3354 Equidem
1489 3271 1582 3333 sic
1618 3269 1911 3332 existimo
1949 3267 2118 3331 hunc
2156 3288 2417 3331 versum
2455 3287 2495 3329 a
2531 3265 2773 3329 lectore

544 3370 843 3456 quodam¹
882 3391 916 3432 e
978 3369 1165 3431 simili
1225 3391 1459 3434 scaena
1502 3371 1909 3455 desumptum
1955 3370 2039 3433 ad
2085 3370 2439 3453 marginem
2482 3389 2619 3431 esse
2663 3366 2776 3431 ad-

724 3646 763 3707 ¹)
801 3647 941 3697 Conf.
979 3648 1185 3707 Madvig
1221 3647 1255 3698 1.
1294 3662 1335 3697 s.
1377 3661 1416 3697 s.
1453 3660 1503 3708 p.
1543 3648 1630 3697 92.
1670 3648 1754 3707 96,
1791 3645 1954 3694 Haase
1991 3644 2053 3691 ad
2088 3644 2281 3702 Reisig.
2323 3642 2477 3690 schol.
2513 3640 2625 3688 Lat.
2661 3639 2774 3687 adn.

543 3734 662 3781 455.

723 3818 766 3878 2)
800 3822 959 3882 Eyon’
995 3822 1088 3870 hoc
1123 3835 1231 3869 non
1261 3823 1526 3882 facerem?
1578 3821 1711 3868 nihil
1747 3818 1891 3867 allud
1930 3823 2094 3880 potest
2133 3830 2242 3865 esse
2280 3817 2409 3864 nisi:
2465 3815 2545 3863 ich
2580 3814 2773 3863 hc‘itte

545 3907 638 3955 das
674 3908 821 3955 nicht
857 3909 1030 3956 chun
1066 3923 1132 3957 so
1155 3909 1336 3956 llen?
1376 3899 1594 3968 (⁴111ssiv.
1635 3909 1854 3971 praet.’);
1908 3907 2049 3955 nullo
2086 3911 2229 3969 pacto
2266 3903 2540 3952 secundum
2577 3900 2773 3948 Plauti·

543 4007 663 4043 num
717 4000 768 4044 et
818 3994 1173 4043 Terentianum
1223 4008 1371 4042 usum
1420 3995 1482 4042 ad
1534 4009 1769 4056 praesens
1819 4001 2017 4055 tempus
2069 3992 2160 4040 illa
2197 3992 2353 4038 forma
2388 3990 2437 4038 11.
2476 3988 2510 4035 l.
2549 3993 2774 4052 spectare

539 4088 721 4147 potest.
