3116 4790
1678 383 1760 451 68

612 583 1028 669 perspicitur,
1101 607 1217 651 cur
1282 584 1731 654 Lucretius
1805 587 2058 675 quidem
2130 587 2472 653 nullum*
2517 586 2831 652 exhibeat

609 684 968 770 exemplum
994 686 1058 767 ¹).
1141 685 1385 754 Varro
1426 700 1642 756 autem
1686 688 1909 754 semel
1953 689 2018 752 in
2063 688 2262 771 libris,
2305 690 2415 776 qui
2460 698 2825 775 supersunt,

611 810 681 852 eo
712 788 1113 855 coniunctivo
1147 790 1299 855 usus
1335 801 1450 872 est,
1496 801 1560 856 et
1602 792 1858 878 quidem
1895 791 1959 854 in
2004 813 2074 856 eo
2114 812 2322 877 opere,
2368 790 2539 877 quod
2574 811 2827 856 summa

610 898 823 954 aetate
865 891 1152 974 (LXXX
1194 912 1390 957 annos
1437 897 1652 975 natus)
1697 894 1775 957 de
1818 915 1887 957 re
1922 892 2167 957 rustica
2202 893 2604 979 conscripsit:
2680 889 2830 956 Non

607 1012 738 1077 neq
752 993 972 1075 arim,
1039 995 1320 1079 inquam,
1385 994 1523 1059 ideo
1571 988 1755 1081 *apud
1813 995 1997 1061 divae
2052 995 2372 1061 Ruminae
2428 995 2725 1060 sacellam
2783 1014 2829 1060 a

599 1096 964 1178 pastoribus
1003 1099 1209 1161 satam
1228 1097 1432 1181 ficum
1462 1097 1577 1179 (ΙΙ,
1617 1101 1715 1181 11,
1745 1100 1829 1180 5).
1890 1099 2025 1165 Nec
2058 1099 2201 1186 plus
2235 1120 2431 1165 unum
2460 1097 2825 1184 exemplum

609 1197 870 1264 exhibet
909 1198 1355 1265 Sallustius:
1429 1200 1502 1265 de
1543 1201 1630 1266 iis
1672 1201 1845 1268 haud
1870 1201 2082 1285 facile
2131 1205 2508 1286 compertum
2551 1219 2826 1267 narra-

605 1302 844 1366 verim
886 1301 1056 1386 (lug.
1104 1302 1204 1383 17,
1230 1303 1299 1387 2)
1316 1302 1384 1386 2).

773 1404 983 1490 Atque
1027 1404 1218 1467 etiam
1261 1403 1734 1471 Cornificius
1777 1406 2102 1472 rarissime
2146 1405 2403 1471 admisit
2435 1403 2617 1469 illum
2661 1402 2824 1489 perf.

606 1504 764 1571 coni.
795 1526 1008 1570 usum:
1047 1505 1684 1572 animadvertendum
1715 1519 1923 1573 tamen
1955 1519 2051 1573 est
2077 1506 2412 1594 ‘pluralem
2439 1504 2824 1587 modestiae’‚

604 1607 786 1672 cuius
845 1607 1018 1694 apud
1082 1607 1550 1696 antiquissimos
1608 1610 1950 1695 scriptores
2007 1610 2350 1695 vestigium
2409 1617 2503 1674 est
2555 1606 2825 1689 nullum,

605 1731 730 1773 non
775 1702 1051 1774 alienum
1093 1731 1227 1774 esse
1263 1709 1346 1775 ab
1383 1710 1504 1775 hoc
1543 1711 1830 1776 rhetore:
1879 1732 1988 1777 nos
2025 1711 2270 1794 quidem
2304 1731 2500 1776 unam
2537 1710 2611 1775 de
2643 1709 2826 1793 quin-

603 1830 720 1892 que
775 1810 961 1875 rebus
1010 1812 1365 1894 plurimum
1418 1832 1611 1897 posse
1662 1833 1782 1877 non
1808 1814 2019 1895 facile
2071 1813 2519 1893 dixerimus;
2584 1811 2826 1898 eyreqie

608 1932 898 1997 maynam
944 1932 1075 1977 esse
1114 1912 1444 1979 utilitatem
1485 1914 1555 1977 in
1589 1917 2122 1997 pronumtiatione‚
2165 1915 2467 1981 audacter
2511 1935 2589 1978 eo
2604 1914 2708 1995 ns
2707 1914 2734 1977 i
2748 1934 2786 1978 r
2801 1951 2824 1961 -

602 2034 775 2079 mav
797 2019 1101 2080 erimus
1144 2014 1293 2099 (111,
1338 2016 1631 2101 9‚19)³).

768 2116 944 2195 Quid
989 2116 1156 2203 quod
1199 2117 1390 2181 etiam
1435 2117 1499 2180 in
1543 2116 1981 2182 Ciceronis
2029 2116 2282 2203 scriptis
2325 2114 2651 2200 prioribus
2692 2135 2821 2179 non

598 2225 732 2278 tam
772 2216 1066 2303 frequens
1109 2226 1203 2281 est
1243 2217 1348 2281 ille
1388 2217 1634 2299 modus,
1676 2239 1870 2304 quam
1912 2220 1977 2282 in
2022 2215 2476 2305 posterioribus
2495 2215 2528 2279 P
2596 2217 2807 2302 Atque

602 2318 666 2380 in
719 2317 898 2382 libris
952 2319 1041 2384 de
1093 2319 1536 2386 inventione
1578 2319 1833 2406 scriptis
1883 2319 2131 2386 nullum
2175 2318 2394 2384 inveni
2435 2317 2815 2405 exemplum.

775 2595 821 2658 1)
844 2597 1005 2660 ⁸Apud
1041 2597 1390 2646 Catullum
1426 2612 1583 2648 unum
1610 2600 1799 2660 legitur
1824 2600 2136 2661 exemplum:
2190 2598 2474 2647 Dixerit
2507 2597 2590 2645 hic
2626 2596 2818 2657 aliquis

595 2682 652 2749 (6
664 2688 709 2747 7,
733 2687 831 2743 3ῖ).
907 2687 1144 2748 Logicum
1168 2687 1443 2750 perfectum
1471 2695 1666 2736 exstare
1689 2693 1811 2751 puto
1836 2701 1982 2736 carm.
2026 2693 2100 2750 10,
2123 2689 2188 2735 32
2235 2687 2356 2735 Utor
2383 2690 2490 2733 tam
2516 2684 2634 2732 bene
2660 2696 2819 2745 quam

593 2774 723 2823 mihi
755 2779 1095 2837 parav-im.
1168 2776 1394 2826 Ceterum
1430 2776 1927 2825 animadvertendum
1979 2782 2054 2824 est
2088 2789 2170 2825 eos
2206 2781 2397 2836 poetas,
2451 2773 2541 2833 qui
2580 2784 2675 2817 non
2711 2775 2817 2817 tam

594 2862 650 2909 in
669 2862 998 2911 meditatione
1024 2869 1074 2912 et
1094 2862 1307 2914 indiciis
1335 2865 1498 2913 sobrie
1526 2863 1775 2914 faciendis
1807 2868 2081 2922 versantur,
2109 2876 2256 2923 quam
2282 2863 2589 2909 inflammato
2613 2863 2817 2920 pectore

593 2949 909 2999 vehementes
946 2952 1103 2999 animi
1139 2953 1502 3001 concitationes
1542 2959 1591 3002 et
1628 2954 1834 3001 affectus
1872 2952 2179 3000 carminibus
2219 2950 2497 3009 effundunt,
2537 2948 2689 2996 etism
2731 2945 2815 2991 in·

592 3038 772 3087 feriore
808 3044 971 3088 aetate
1006 3041 1208 3103 parcius
1247 3054 1364 3089 usos
1417 3054 1524 3089 esse
1563 3041 1851 3102 potentiali.
1929 3040 2259 3088 Horatius
2300 3038 2537 3086 exhibet:
2600 3043 2751 3088 carm.
2789 3031 2814 3076 I

594 3130 640 3188 6,
671 3129 730 3174 14
786 3129 915 3186 Quis
950 3128 1169 3178 Martem
1221 3130 1405 3177 tunica
1452 3132 1641 3176 tectam
1677 3128 2027 3176 adamantina
2060 3127 2211 3189 dique
2242 3113 2693 3196 scrip-scrip,
2748 3120 2816 3167 ib·

589 3214 640 3261 11
684 3215 759 3276 13,
785 3220 813 3262 5
863 3218 1024 3264 Illum
1059 3221 1106 3265 et
1127 3219 1367 3278 parentis
1405 3216 1829 3267 crediderim
1864 3218 1950 3264 sui
1982 3216 2195 3278 freyisse
2223 3216 2480 3280 cervicem,
2514 3226 2568 3261 ss
2602 3203 2812 3269 115,st

592 3304 678 3351 Nil
711 3318 800 3368 eqo
839 3306 1154 3353 contulerim
1187 3306 1419 3355 iucundo
1458 3320 1619 3355 sanus
1655 3307 1838 3353 amico.
2570 3216 2605 3386 ἲ

761 3389 813 3452 2)
851 3391 980 3443 ibid.
1011 3396 1094 3456 85,
1113 3398 1176 3442 47
1208 3398 1455 3457 capessito
1480 3409 1585 3443 rem
1607 3393 1887 3456 publicam,
1924 3406 2084 3454 neque
2109 3403 2411 3454 quemquam
2432 3403 2489 3438 εει·
2514 3390 2612 3436 οα“
2643 3389 2818 3435 mitate

587 3481 812 3529 aliorum
836 3486 931 3529 aut
955 3484 1329 3545 imperatorum
1354 3483 1597 3546 superbia
1622 3487 1786 3532 metus
1823 3498 1848 3531 c
1866 3498 1891 3531 e
1903 3497 1939 3544 p
1956 3496 2020 3529 er
2037 3483 2058 3529 i
2077 3486 2122 3537 t,
2162 3477 2515 3527 coniunctivae
2540 3489 2565 3522 e
2583 3485 2637 3586 dn
2658 3476 2820 3523 horta-

588 3569 740 3618 tivus.
812 3569 922 3617 Non
958 3572 1241 3632 tetigissem
1277 3570 1408 3618 huuc
1444 3571 1627 3631 locum,
1665 3570 1764 3618 nisi
1812 3570 2133 3618 Kuehner
2170 3568 2278 3618 Lat.
2318 3565 2401 3614 Gr.
2440 3565 2486 3613 Il
2522 3579 2598 3642 μ(
2642 3566 2728 3613 133
2764 3564 2819 3609 in

586 3658 881 3717 potentialis
917 3657 1054 3706 modi
1089 3659 1318 3720 exempla
1345 3672 1457 3705 eum
1484 3658 1780 3707 rettulisset.
1844 3655 2075 3705 Ceterum
2101 3657 2209 3718 ipse
2235 3654 2386 3715 paulo
2422 3654 2554 3700 infra
2611 3657 2673 3719 (p.
2711 3652 2823 3705 140)

584 3746 719 3794 idem
759 3747 1047 3808 exemplum
1084 3747 1394 3798 coniunctlvi
1430 3744 1691 3795 iussivi
1726 3746 1897 3803 generi
1936 3744 2170 3792 attribuit
2197 3741 2403 3790 addens:
2448 3743 2531 3789 ein
2558 3663 2824 3852 skta‘rkerer

585 3834 853 3883 Ausdruck
901 3835 1036 3893 [scil.
1087 3850 1247 3898 neque
1296 3834 1503 3896 ceperit]
1557 3833 1688 3893 fiir:
1742 3847 1866 3881 neve
1918 3834 2126 3894 propter
2179 3830 2530 3879 calamitatem
2579 3848 2593 3876 ‹
2626 3834 2825 3884 aliorum

583 3937 635 3969 m
652 3939 675 3969 e
692 3928 712 3969 t
731 3938 768 3969 u
785 3940 810 3971 e
824 3939 851 3970 r
866 3926 887 3972 i
902 3926 956 3971 ti
972 3939 1010 3971 s.
2631 3913 2639 3934 '

759 4011 801 4069 3)
838 4012 1150 4062 Schmslz
1202 4013 1236 4062 1.
1271 4026 1312 4061 s.
1347 4027 1389 4061 s.
1425 4014 1519 4062 hoc
1554 4013 1839 4074 exemplum
1891 4009 2263 4074 praetermisit:
2320 4006 2594 4056 notandum
2674 4018 2824 4061 tamen

587 4100 793 4148 eundem
836 4101 889 4147 in
934 4100 1147 4148 ‘Handb.
1187 4100 1233 4149 d.
1271 4102 1339 4151 kl.
1382 4102 1738 4150 Altortumsw:
1792 4102 1834 4148 ΙΙ
1873 4116 1920 4163 p.
1959 4102 2059 4146 258
2097 4097 2272 4162 docere
2324 4097 2471 4147 haec:
2524 4095 2640 4143 dixe
2671 4101 2845 4148 *rimus-

588 4194 689 4239 ινιτ
724 4192 819 4237 seit
858 4190 939 4238 Co
961 4190 1199 4255 rnifie.
1238 4204 1285 4236 u.
1329 4189 1445 4249 Cic„
1483 4190 1714 4253 hc‘iufiyer
1751 4192 1826 4237 im
1860 4189 2163 4251 Spatlatein.

2696 4281 2728 4408 *x

2721 4415 2754 4578 ‘x
