3116 4790
1446 397 1531 463 43

552 651 566 667 .
615 652 629 668 .
675 650 690 666 .
717 600 950 684 facere
992 603 1167 667 aeris
1211 619 1435 683 auras,
1497 598 1603 667 Sic
1646 600 1814 667 alias
1861 603 2009 668 aliis
2051 604 2235 669 rebus
2295 607 2604 670 mutarier

551 701 794 766 omnis?

379 802 572 869 Lucr.
601 804 724 886 ΙΙΙ,
759 804 884 869 482
917 801 1005 867 At
1038 822 1463 886 quaecumque
1498 810 1732 887 queunt
1760 807 2121 872 conturbari
2148 806 2337 889 inque
2366 804 2604 890 pediri,
2635 847 2638 852 -

555 906 944 994 Siquificaut‚
976 907 1182 990 paulo
1229 908 1287 970 si
1329 906 1553 971 durior
1595 907 2024 974 insinuarit
2070 906 2300 988 Causa,
2340 907 2498 990 fore
2538 913 2608 973 ut

541 1013 813 1096 pereant
853 1030 1010 1075 aevo
1042 1009 1314 1093 privata
1337 1008 1578 1091 futuro
1600 1012 1669 1093 1).
2179 1032 2186 1039 ·

469 1113 549 1179 V.
593 1112 885 1178 Enunt.
945 1133 1241 1196 regens
1301 1113 1734 1178 antecedit
1792 1113 2260 1199 epodoseos
2311 1111 2606 1175 infini-

590 1216 893 1297 tivum,
936 1215 1075 1301 qui
1108 1236 1427 1300 semper
1467 1224 1592 1278 est
1626 1214 1904 1279 futuri
1936 1212 2437 1299 temporis²);
2482 1236 2607 1278 ex-

590 1328 848 1381 tremo
892 1315 1072 1381 loco
1118 1324 1245 1379 est
1290 1317 1687 1401 protasis.

381 1419 593 1486 Plaut.
638 1421 815 1486 Asin.
864 1420 942 1484 97
980 1417 1280 1503 promitto
1322 1418 1431 1484 tibi
1472 1417 1618 1483 Non
1678 1417 2023 1504 offuturum
2066 1438 2181 1499 me,
2223 1416 2282 1481 si
2322 1417 2388 1481 id
2428 1362 2610 1482 hodie

389 1624 536 1689 Ter.
550 1522 725 1691 oggi?
740 1526 1155 1690 2385}th
1214 1620 1497 1687 studione
1549 1620 1620 1685 id
1676 1623 1794 1687 sibi
1847 1622 2025 1688 habet
2079 1641 2166 1686 au
2210 1621 2388 1687 laudi
2417 1625 2610 1706 putat

555 1724 748 1808 Fore,
791 1726 850 1789 si
881 1723 1367 1809 perdiderit
1402 1723 1706 1809 quatum?

551 1828 851 1892 Fortasse
890 1826 1022 1890 huc
1064 1827 1372 1912 pertinet:

390 1930 548 1995 Hec.
593 1932 713 1995 716
757 1948 1008 1994 oremus
1051 1946 1412 1993 accusemus
1428 1947 1449 1991 .·
1494 1931 1763 2014 qravius
1808 1929 2071 2012 denique
2114 1927 2511 2011 Minitemur,
2551 1926 2611 1991 si

554 2051 693 2096 eum
732 2031 841 2096 illo
883 2029 1096 2096 habu
1115 2031 1273 2094 erit
1315 2049 1450 2095 rem
1481 2037 1728 2114 postea.

548 2133 776 2198 Nescio
812 2153 895 2196 an
930 2131 1430 2216 intellegendum
1474 2132 1587 2194 sit:
1628 2133 1991 2197 minitemur
2025 2121 2140 2195 reos
2182 2131 2423 2215 aliquid
2457 2130 2611 2196 mali

384 2236 514 2320 ipsi
553 2235 868 2301 inlaturos
913 2254 1065 2316 esse,
1111 2236 1169 2298 si
1210 2257 1264 2302 e.
1309 2257 1371 2320 q.
1414 2255 1464 2298 s.
1486 2233 1542 2320 3)

562 2511 610 2576 ¹)
646 2514 824 2561 Futuri
861 2514 1023 2561 exacti
1069 2512 1375 2561 indicativus
1412 2514 1523 2562 sine
1560 2512 1714 2561 dubio
1753 2514 2092 2573 agnoscendus
2128 2520 2203 2563 est
2236 2514 2375 2563 Varr.
2416 2528 2454 2561 r.
2494 2527 2531 2560 r.
2571 2514 2608 2572 1,

385 2603 509 2660 69,4
553 2602 800 2660 [Putant]
830 2604 1034 2659 punica
1081 2603 1224 2651 mala
1262 2638 1274 2651 .
1316 2639 1327 2652 .
1366 2639 1378 2651 .
1417 2605 1474 2651 si
1526 2603 1896 2652 demiseris
1943 2606 2001 2651 in
2055 2605 2216 2652 ollam
2265 2606 2373 2651 sine
2420 2601 2609 2662 fundo,

381 2704 585 2753 eamque
631 2694 677 2738 si
724 2693 1115 2740 conieceris
1164 2695 1226 2739 in
1263 2697 1454 2741 terram
1491 2698 1540 2740 et
1577 2693 1762 2741 obteris
1819 2696 1959 2741 circa
2012 2707 2219 2740 ramum
2258 2728 2269 2740 .
2309 2727 2319 2738 .
2357 2726 2369 2739 .
2406 2706 2465 2739 ea
2501 2703 2610 2737 non

382 2778 532 2827 modo
566 2781 771 2841 inteyra
806 2780 974 2836 eximi,
1009 2776 1093 2825 sed
1117 2780 1274 2825 etiam
1309 2782 1530 2835 maiora,
1570 2794 1726 2841 quam
1750 2782 1812 2829 in
1839 2781 2019 2829 arbore
2051 2780 2406 2841 pependerint.
2455 2778 2609 2826 Prae-

383 2868 540 2915 sentis
575 2866 881 2915 indicativus
919 2866 1102 2914 obterit
1138 2868 1326 2915 evincit
1363 2868 1516 2915 etiam
1555 2868 1818 2916 demiseris
1855 2873 1903 2916 et
1942 2869 2222 2916 conieceris
2260 2880 2370 2915 esse
2408 2864 2609 2914 indica-

386 2955 538 3003 tivos.

559 3039 601 3100 2)
638 3043 697 3090 In
732 3043 983 3105 exemplis
1034 3043 1289 3101 hucusque
1345 3039 1532 3088 adlatis
1586 3053 1778 3100 semper
1818 3042 1998 3088 obvius
2052 3046 2155 3088 erat
2206 3042 2609 3102 praesentis

390 3131 690 3191 infinitivus,
729 3132 835 3179 nisi
874 3131 1003 3192 quod
1040 3131 1185 3179 Lucr.
1223 3130 1430 3189 111‚482
1472 3130 1687 3177 formula
1719 3129 1835 3190 fore
1873 3132 1934 3177 ut
1970 3127 2201 3176 adhibita
2238 3135 2328 3176 est.

558 3215 607 3277 ⁸)
642 3217 814 3266 Potest
863 3223 1028 3266 temen
1084 3219 1334 3266 sententia
1388 3219 1538 3269 etiam
1591 3219 1667 3265 sic
1723 3218 1983 3280 explic-ari,
2036 3221 2092 3263 ut
2145 3217 2382 3265 habuerit
2418 3216 2488 3263 sit
2521 3231 2610 3278 pro

384 3306 629 3354 habitura
663 3308 765 3356 sit:
826 3308 1134 3356 schliesslich
1180 3308 1366 3355 wellen
1401 3310 1499 3356 wir
1546 3309 1627 3357 ihr
1676 3308 2121 3356 nachdrizcklicher
2166 3310 2266 3355 mit
2297 3308 2612 3368 Drohunyen

384 3397 615 3441 zusetzen
648 3397 738 3457 fiir
791 3394 892 3442 den
930 3395 1059 3454 Fau,
1113 3393 1232 3442 dass
1268 3396 1337 3442 sie
1368 3397 1467 3442 mit
1504 3396 1560 3442 P.
1597 3399 1682 3445 ein
1729 3396 2045 3444 Verhdltm’ss
2095 3398 2155 3443 in
2191 3396 2279 3444 der
2328 3397 2478 3457 Folye
2527 3413 2554 3443 z
2575 3411 2612 3444 u

383 3481 852 3530 untes-holten
887 3499 920 3528 v
939 3482 1210 3529 erhabe.
1252 3481 1326 3527 De
1345 3484 1466 3542 perf.
1492 3486 1811 3533 coniunctivo
1839 3484 2103 3544 participii
2133 3484 2292 3531 futuri
2317 3483 2471 3531 activi
2497 3496 2608 3529 cum

387 3571 485 3616 sim
521 3570 780 3617 coniuncti
831 3583 1032 3618 munere
1086 3570 1323 3629 fungente
1375 3570 1492 3617 vide
1542 3585 1692 3635 supra
1728 3588 1777 3635 p.
1824 3574 1899 3621 13.
1973 3572 2132 3629 Quam
2169 3584 2276 3618 raro
2324 3573 2608 3630 coniugatio

390 3669 513 3717 quae
550 3656 738 3704 dicitur
773 3658 1140 3719 periphrastica
1176 3655 1374 3716 (-turus
1410 3660 1527 3713 sim)
1562 3673 1591 3705 a
1626 3661 1808 3720 priscis
1844 3665 2084 3721 usurpata
2122 3660 2188 3706 sit
2215 3671 2278 3706 ex
2314 3657 2404 3704 hoc
2441 3670 2609 3705 exem-

394 3742 591 3804 plorum
615 3749 882 3805 conspectu
903 3757 1195 3804 cognosces:
1231 3743 1292 3791 ad
1319 3747 1542 3805 protasin
1574 3747 1949 3809 hypotheticam
1970 3750 2199 3809 spectant
2227 3746 2326 3792 tria
2346 3746 2604 3807 exempla:

399 3829 561 3878 Plaut.
599 3829 708 3881 Mil.
757 3834 900 3894 1186,
941 3832 1069 3880 Rud.
1115 3835 1263 3894 1419,
1299 3834 1440 3880 Lucr.
1476 3834 1716 3896 111,947;
1761 3836 1812 3881 in
1847 3834 2239 3892 interrogatione
2265 3834 2466 3892 obliqua
2493 3837 2610 3880 sunt

394 3917 538 3969 haec:
583 3919 746 3968 Plaut.
784 3921 957 3970 Bacch.
998 3923 1114 3978 722,
1153 3920 1278 3968 cist.
1317 3921 1365 3967 11
1410 3924 1551 3982 1,4Ο,
1601 3921 1747 3984 Epid.
1790 3924 1907 3983 377,
1961 3922 2091 3969 Men.
2132 3923 2258 3980 723,
2304 3921 2449 3969 Mero.
2491 3924 2607 3980 572,

392 4005 506 4056 Mil.
537 4011 684 4068 1184,
721 4008 855 4057 Pers.
890 4012 1002 4061 144.
1045 4012 1165 4058 302.
1203 4011 1321 4071 590,
1361 4010 1509 4060 Poen.
1530 4009 1630 4058 1111
1675 4015 1761 4070 1,1
1806 4014 1961 4071 (817),
1999 4010 2142 4060 Truc.
2182 4012 2300 4070 3:38,
2340 4009 2451 4058 Ter.
2488 4009 2609 4059 Hec.

394 4097 510 4143 567.
563 4098 662 4144 614
702 4096 841 4145 Varr.
881 4110 920 4145 r.
956 4111 997 4145 r.
1036 4097 1085 4144 11
1126 4099 1255 4162 7‚5;
1312 4098 1368 4144 in
1400 4099 1519 4146 aliis
1558 4104 1849 4148 structuris:
1906 4100 2069 4148 Plaut.
2106 4099 2288 4148 Pseud.
2325 4102 2442 4157 565,
2497 4099 2607 4147 Ter.

390 4181 595 4236 Phorm.
652 4186 773 4248 960,
828 4184 1044 4256 Adelph.
1096 4188 1214 4235 514.
1263 4185 1398 4236 Uno
1438 4188 1549 4242 loco
1599 4189 1858 4242 invenitur
1908 4188 2145 4242 ‘futurum
2193 4190 2247 4239 in
2297 4186 2605 4254 praeterito’a
