3116 4790
1639 328 1718 393 16

1644 689 1701 743 Ι.

730 787 1010 852 Exstant
1052 786 1371 872 quaedam
1413 790 1746 851 enuntiata
1784 789 2075 856 absolute
2119 795 2186 876 (i.
2231 815 2280 856 e.
2327 818 2451 860 non
2487 795 2795 882 hypothe-

559 891 708 967 tice)
751 889 1002 973 posita,v
1044 887 1158 952 ubi
1203 887 1470 973 perfecti
1512 889 1704 973 logici
1747 892 2112 975 potentialis
2159 895 2419 962 videtur
2465 898 2792 966 adhibitus

557 1013 721 1056 esse:
765 990 877 1055 sed
921 1012 1000 1054 ne
1041 991 1281 1075 species
1325 1011 1436 1053 nos
1481 989 1666 1054 fallat
1709 994 2067 1059 cavendum
2113 1006 2227 1062 eet.
2649 1018 2658 1025 ·

682 1091 736 1158 I.
777 1091 1095 1155 Primaria
1140 1093 1498 1157 enuntiata.

700 1199 754 1258 1.
797 1191 1009 1257 Plaut.
1053 1192 1246 1257 Truc.
1294 1191 1417 1256 163
1463 1190 1640 1256 Dum
1682 1196 1872 1278 vivis,
1919 1196 2228 1261 homiuem
2269 1202 2635 1265 noveris:
2685 1202 2793 1266 ubi

775 1298 1106 1359 ·m0¹rtuost
1147 1293 1440 1377 quiescat.

721 1399 975 1460 noveris
1027 1417 1150 1459 non
1207 1417 1351 1459 oum
1414 1394 1817 1459 Dziatzkone
1878 1397 1990 1478 (ad
2045 1397 2190 1463 Ter.
2249 1400 2502 1465 Phorm.
2561 1426 2620 1468 v.
2664 1402 2793 1467 255

551 1521 614 1582 p.
664 1499 815 1580 104)
862 1507 925 1561 et
969 1496 1225 1561 Holtzio
1270 1496 1472 1580 (Synt.
1518 1497 1705 1581 prise.
1751 1519 1869 1562 ser.
1915 1497 2193 1564 Lat-11.
2241 1523 2301 1584 p.
2348 1501 2496 1580 142)
2534 1502 2617 1566 ad
2666 1524 2790 1567 mo-

552 1599 706 1664 dum
750 1597 1178 1684 potentialem,
1251 1596 1361 1660 sed
1406 1596 1489 1660 ad
1535 1597 1977 1679 iussivum‚
2057 1599 2157 1665 vel
2202 1609 2276 1664 ut
2318 1603 2531 1667 verius
2576 1604 2790 1668 dicam

551 1699 633 1762 ad
680 1700 954 1763 futuri
997 1697 1275 1762 exacti
1320 1696 1875 1762 indicativum
1920 1701 2324 1766 referendum
2371 1712 2493 1768 est:
2540 1705 2789 1772 Luebb.

550 1801 584 1864 I
627 1826 691 1887 p.
730 1802 810 1866 92
844 1822 936 1886 sq.
977 1800 1121 1883 (cfr.
1166 1801 1246 1862 V.
1289 1798 1488 1878 Loeh,
1531 1798 1885 1886 Imperativ
1918 1801 1979 1868 b.
2016 1802 2249 1886 Plaut.,
2293 1805 2524 1870 Memel
2571 1809 2781 1888 1871).

716 1902 960 1967 Eodem
1016 1900 1290 1985 pertinet
1332 1898 1497 1964 Enn.
1539 1899 1669 1965 fab.
1717 1901 1840 1965 2:23
1897 1901 2113 1968 Muell.
2176 1925 2282 1990 690
2324 1927 2553 1991 sapere
2596 1911 2783 1992 opino

549 2025 682 2070 esse
736 2008 1056 2089 optumum
1103 2021 1231 2085 pro
1289 1999 1575 2066 viribus:
1626 2006 1832 2068 tacere
1888 2009 1944 2068 et
1980 2005 2283 2088 fabulari
2337 2012 2463 2072 tute
2514 2010 2786 2083 noveris.

452 2122 463 2133 ·
548 2107 847 2172 Ceterum
890 2104 1214 2188 scriptura
1257 2123 1664 2187 nequaquam
1707 2115 1884 2167 certa
1928 2116 2043 2169 est.

697 2208 755 2273 2.
802 2205 908 2269 Ex
951 2204 1286 2290 potentiali
1327 2226 1558 2289 genere
1602 2227 1728 2269 non
1763 2216 1910 2270 sunt
1955 2208 2115 2272 talia
2147 2211 2482 2274 enuntiata
2530 2212 2784 2276 inter-

796 2307 1220 2391 rogativa,
1261 2303 1480 2390 qualia
1520 2316 1701 2370 sunt:

543 2410 754 2476 Plaut.
802 2407 1034 2493 Amph.
1077 2408 1196 2471 728
1244 2406 1619 2472 Audivistin
1658 2410 1727 2472 tu
1777 2428 1874 2473 me
1928 2429 2204 2475 narrare
2266 2410 2448 2475 hodie
2498 2402 2697 2476 haec?
2723 2413 2757 2495 ΙΙ

722 2510 839 2577 Ubi
881 2529 985 2594 690
1030 2508 1535 2574 audiverim?
1582 2510 1809 2593 Amph.
1854 2513 1976 2575 817
2016 2510 2184 2589 Quid
2227 2533 2333 2597 690
2368 2514 2479 2580 tibi
2517 2512 2775 2595 deliqui,

710 2613 768 2677 si
796 2612 944 2696 quoi
969 2616 1168 2695 nupta
1195 2629 1337 2675 sum
1360 2615 1560 2676 tecum
1571 2610 1737 2693 fiii?
1762 2614 1794 2695 ΙΙ
1826 2612 1969 2677 Tun
1996 2634 2237 2679 mecum
2262 2614 2595 2697 fueris?
2630 2614 2779 2682 Ter.

711 2715 836 2781 Ad.
866 2714 990 2779 573
1025 2710 1252 2779 Nostin
1275 2716 1598 2797 porticum
1633 2715 1810 2799 apud
1844 2717 2174 2782 macellum
2210 2717 2327 2782 hac
2361 2716 2694 2783 deorsum?
2720 2717 2752 2798 ΙΙ

710 2815 880 2896 Quid
912 2818 980 2880 ui
1021 2836 1165 2879 που
1186 2814 1431 2880 erim?
1500 2816 1660 2881 Heo.
1694 2816 1813 2880 136
1850 2815 2043 2881 Nocte
2076 2818 2193 2882 illa
2213 2817 2439 2902 prima
2469 2816 2779 2902 viryinevn

705 2937 831 2981 nou
873 2917 1074 3001 attiqit
1115 2969 1128 2985 .
1162 2964 1177 2979 .
1218 2966 1231 2982 .
1274 2969 1287 2985 .
1317 2917 1349 2995 ΙΙ
1379 2914 1549 2995 Quid
1586 2916 1730 2981 ais?
1774 2938 1913 2983 cum
1947 2918 2196 3003 viryiue
2234 2938 2367 2984 una
2410 2919 2779 2985 adulescens

709 3018 1080 3084 cubuerit
1127 3016 1290 3082 Plus
1325 3021 1538 3101 potus,
1581 3037 1718 3082 sese
1758 3019 1865 3084 ille
1909 3021 2221 3086 abstinere
2259 3024 2329 3086 ut
2360 3019 2687 3104 potuerit?

705 3138 826 3201 His
877 3137 1486 3222 interrogationibus
1540 3137 1804 3202 alterius
1849 3138 2027 3202 dieta
2076 3160 2223 3203 eum
2265 3138 2624 3221 miratione,
2684 3139 2783 3201 in-

539 3240 930 3324 dignatione,
991 3238 1394 3303 dubitatione
1448 3239 1803 3303 reioiuntur
1858 3251 1922 3304 et
1975 3238 2373 3306 refelluntur.
2460 3239 2773 3304 Coniunc-

538 3341 672 3406 tivo
710 3340 932 3405 subest
961 3340 1137 3404 notio
1182 3339 1689 3404 voluntatis:
1732 3339 1834 3403 ich
1876 3340 2033 3406 soll
2068 3341 2292 3425 yehc‘rt
2329 3340 2571 3406 haben?
2614 3341 2773 3425 (scil.

536 3441 702 3510 uach
739 3441 956 3508 deiuer
994 3440 1328 3527 Meiuuny)
1349 3442 1414 3522 1).
1487 3440 1675 3505 Haeo
1721 3450 1937 3506 autem
1979 3442 2149 3506 notio
2185 3443 2367 3508 nasci
2400 3442 2655 3508 videtur
2687 3463 2773 3506 ex

714 3653 754 3714 1)
780 3656 856 3702 De
877 3656 972 3703 hoc
997 3656 1447 3716 interrogationum
1479 3670 1660 3717 genere
1685 3657 1939 3720 imprimis
1958 3660 2197 3719 exposuit
2222 3658 2265 3707 G
2284 3673 2314 3705 u
2331 3673 2354 3705 s
2371 3663 2408 3708 t.
2446 3656 2498 3704 Μ
2511 3670 2545 3705 u
2565 3672 2589 3706 e
2609 3657 2626 3703 l
2643 3659 2662 3705 l
2679 3673 2704 3707 e
2718 3672 2769 3717 r,

535 3741 635 3791 Die
680 3749 1039 3805 soyenannten
1075 3746 1374 3805 unwilliycn
1413 3745 1524 3794 und
1562 3745 1997 3807 miesbilliyenden
2036 3748 2241 3809 Frayen
2277 3750 2352 3795 im
2388 3746 2505 3794 Lat.
2550 3745 2770 3797 (Giirlitz

540 3831 707 3885 1875).
808 3830 910 3889 Qui
969 3837 1135 3880 tamen
1190 3846 1291 3881 non
1350 3834 1565 3882 attendit
1619 3834 1682 3882 ad
1731 3849 1762 3896 p
1783 3850 1808 3884 e
1826 3849 1849 3881 r
1865 3837 1888 3883 f
1904 3850 1929 3883 e
1946 3839 2034 3883 cti
2094 3841 2145 3885 et
2192 3839 2275 3884 im
2294 3851 2325 3898 p
2342 3850 2368 3882 e
2384 3851 2408 3882 ι·
2425 3836 2589 3883 fecti
2638 3835 2767 3884 coni.

536 3914 828 3966 discrimen.
890 3918 1141 3979 Equidem
1179 3920 1299 3967 haec
1327 3922 1616 3969 observavi:
1657 3921 1694 3968 P
1716 3936 1773 3970 er
1789 3923 1846 3969 fe
1864 3939 1889 3971 c
1906 3924 1961 3971 ti
2001 3924 2355 3972 coniunctivus
2393 3925 2614 3986 ponitur,
2656 3936 2767 3971 eum

536 4003 931 4053 affirmatio
968 4007 1082 4053 vel
1118 4009 1549 4067 interrogati
1572 4022 1599 4054 ο
1657 4009 1869 4058 alterins
1907 4012 2112 4060 reicitur
2150 4014 2311 4071 (Wo,
2358 4015 2614 4061 meinst
2650 4011 2767 4067 du,

534 4091 632 4139 soll
673 4092 754 4139 ich
789 4092 962 4152 ρελόφε
999 4095 1166 4143 haben
1179 4092 1242 4157 P).
1286 4094 1382 4151 Qui
1410 4108 1524 4142 vero
1552 4096 1761 4143 alterius
1789 4109 1821 4156 p
1837 4108 1865 4143 o
1881 4110 1904 4143 e
1922 4102 1941 4143 t
1958 4110 1987 4143 ιι
2009 4097 2186 4145 latio
2202 4113 2231 4146 n
2248 4115 2275 4148 e
2293 4113 2342 4147 m
2387 4100 2466 4149 vel
2509 4103 2572 4148 in
2590 4114 2613 4147 s
2628 4115 2651 4150 e
2667 4114 2698 4147 ιι
2715 4114 2765 4149 m
