3116 4790
1400 358 1483 426 67

336 566 590 651 quidem
632 574 844 631 aetate
886 565 1248 651 potentialis
1292 565 1561 652 perfecti
1599 566 1795 633 activi
1830 565 2003 631 ultra
2047 574 2351 652 angustos
2394 587 2542 633 suos

337 669 635 733 terminos
686 690 1059 754 progressus
1113 678 1224 734 est.
1309 668 1386 734 Id
1440 678 1576 734 tum
1629 669 1883 735 demum
1925 668 2066 733 fieri
2110 669 2336 754 potuit,
2404 689 2547 733 cum

339 769 679 835 Graecae
758 769 1188 855 elegantiae
1257 771 1588 835 imitatio
1657 770 1751 835 ad
1824 771 2064 858 ipsum
2137 791 2549 834 sermonem

341 872 1009 938 conformandum
1064 873 1588 958 procedebat
1629 874 1669 940 i.
1716 896 1750 937 e
1791 872 2210 939 Ciceroniana
2252 875 2547 953 aetats1).

341 975 606 1041 Graecis
659 975 826 1040 enim
870 974 1097 1040 litteris
1148 974 1332 1060 politi
1372 984 1437 1039 et
1480 974 1722 1040 exculti
1763 976 2035 1041 Romani
2076 977 2279 1062 magis
2323 977 2551 1062 magis-

339 1099 462 1163 que
505 1079 802 1163 propensi
844 1087 906 1142 et
950 1078 1085 1163 apti
1129 1076 1372 1142 fiebant
1415 1075 1497 1141 ad
1537 1077 1772 1143 Graeci
1812 1080 2115 1143 sermonis
2151 1087 2551 1146 venustatem

341 1202 417 1247 ac
461 1181 875 1246 subtilitatem
920 1189 982 1244 et
1025 1179 1485 1245 aestimandam
1528 1188 1594 1244 et
1635 1181 1700 1243 in
1744 1181 2007 1266 propria
2049 1181 2271 1266 lingua
2305 1181 2552 1245 imitan-

340 1283 510 1350 dam.
580 1283 808 1349 Atticis
850 1291 1065 1347 autem
1109 1282 1428 1347 urbanum
1477 1279 1844 1346 affirmandi
1885 1305 2086 1368 genus
2124 1283 2293 1369 quod
2330 1282 2405 1346 fit
2437 1305 2552 1370 per

341 1381 704 1469 optativum
748 1405 894 1448 cum
938 1376 1016 1446 ἂν
1058 1383 1381 1469 particula
1421 1385 1710 1448 iunctum
1752 1385 1981 1448 mirum
2026 1385 2090 1447 in
2127 1384 2385 1450 modum
2421 1385 2553 1470 pla·

340 1487 544 1551 cuisse
587 1486 728 1574 quis
773 1495 866 1550 est
909 1487 1021 1572 qui
1075 1487 1316 1552 nesciat
1334 1486 1383 1565 ²)
1404 1485 1436 1549 ‘i’
1526 1485 1939 1572 Quapropter
1982 1485 2328 1571 permirum
2370 1485 2553 1568 foret,

341 1587 395 1650 si
439 1587 511 1667 is,
577 1586 688 1672 qui
731 1586 813 1650 ad
856 1608 1165 1653 summam
1217 1586 1605 1672 elegantiam
1648 1585 2031 1652 latinitatem
2074 1584 2352 1650 adduxit
2392 1586 2555 1649 Atti-

342 1709 579 1773 eaeque
637 1687 1023 1752 urbanitatis
1086 1689 1555 1754 amantissimus
1616 1709 1693 1752 ac
1744 1689 2165 1774 peritissimus
2206 1687 2349 1769 fuit,
2412 1686 2555 1753 dico

341 1789 862 1872 Ciceronem,
904 1788 1236 1875 potentiali
1278 1789 1462 1854 modo
1508 1812 1634 1855 non
1677 1798 1839 1854 esset
1882 1811 2033 1853 usus
2077 1799 2402 1877 tamquam
2446 1791 2556 1855 ad-

342 1891 666 1973 minicu10,
708 1911 832 1977 quo
876 1892 1222 1957 sententias
1267 1892 1634 1977 iudiciaque
1674 1890 1912 1956 leniore
1953 1890 2228 1976 quodam
2272 1902 2335 1957 et
2378 1892 2556 1957 blan-

342 1993 519 2059 diore
553 1995 856 2058 orationis
884 1995 1256 2059 vestimento
1293 1994 1606 2060 indueret.
1660 1995 1873 2079 Atque
1909 2005 1983 2060 ut
2009 2015 2134 2059 non
2162 1993 2346 2058 modo
2375 2016 2555 2079 prae-

344 2095 560 2178 sentis,
620 2117 845 2162 verum
899 2098 1089 2161 etiam
1143 2095 1504 2181 perfecti
1554 2095 1959 2180 potentialem
2010 2096 2077 2158 in
2129 2116 2314 2160 suum
2371 2117 2555 2161 usum

345 2206 742 2262 converteret
796 2218 1041 2284 suaque
1098 2207 1237 2261 arte
1302 2196 1641 2278 excoleret,
1707 2198 1916 2261 nescio
1975 2218 2057 2260 an
2115 2197 2417 2263 incitatus
2477 2200 2556 2265 sit

346 2298 632 2384 exemplo
692 2309 754 2363 et
810 2301 1283 2386 comparatione
1324 2299 1629 2365 Graeci
1682 2300 1997 2365 aoristi.
2042 2334 2123 2390 ᾑ-
2167 2300 2302 2364 Nec
2343 2309 2553 2364 tamen

344 2423 553 2467 omnes
607 2402 929 2468 Ciceronis
989 2403 1287 2489 aequales
1348 2403 1620 2469 Graecis
1685 2402 1917 2466 studiis
1982 2402 2219 2468 favisse
2274 2410 2555 2467 constat:

339 2504 709 2588 superstites
731 2515 916 2568 erant
937 2503 1198 2590 quidam
1225 2505 1459 2570 veteris
1482 2504 1782 2589 temporis
1801 2503 2172 2569 laudatores
2194 2511 2258 2566 et
2279 2503 2555 2567 defenso-

341 2627 463 2686 res,
505 2607 615 2692 qui
660 2617 722 2670 et
769 2607 1101 2694 antiquum
1146 2606 1451 2672 sermonis
1501 2627 1702 2693 genus
1735 2605 2027 2670 colebant
2065 2614 2127 2668 et
2159 2604 2553 2670 Graecorum

341 2706 753 2772 imitationem
789 2708 1111 2793 expellere
1130 2708 1493 2775 studebant.
1540 2707 1688 2787 Quo
1723 2709 1788 2771 in
1819 2728 2081 2773 numero
2111 2707 2417 2792 imprimis
2448 2707 2556 2770 ha·

340 2808 534 2874 bendi
590 2821 738 2875 sunt
794 2811 1063 2876 Varro
1124 2821 1184 2876 et
1240 2809 1777 2891 Lucretius3).
1865 2811 2076 2896 Atque
2136 2811 2327 2873 etiam
2378 2808 2558 2874 Sal·

339 2910 695 2995 Iustius,
737 2914 1031 2997 quamvis
1075 2912 1259 2978 enixe
1303 2913 1387 2977 ad
1420 2912 1678 2979 Graeca
1719 2912 1935 2976 studia
1974 2912 2389 2993 incumberet,
2433 2933 2556 2977 non

341 3022 475 3077 tam
518 3012 601 3077 ad
646 3013 1066 3096 Graecorum,
1123 3013 1316 3100 quam
1361 3015 1444 3080 ad
1490 3017 1846 3100 priscorum
1890 3014 2286 3096 Latinorum,
2342 3016 2554 3099 impri-

341 3116 462 3179 mis
497 3114 779 3199 Catonis,
818 3117 1181 3203 exemplum
1203 3118 1617 3183 elocutionem
1642 3116 2080 3182 conformavit.
2141 3116 2288 3197 Quo
2313 3116 2554 3182 factum

346 3227 465 3300 est,
510 3229 584 3283 ut
623 3241 769 3285 cum
813 3218 1104 3285 Ciceroni
1146 3219 1412 3307 aliisque
1454 3221 1582 3283 iam
1626 3222 1903 3284 usitatus
1948 3227 2111 3282 esset
2145 3217 2410 3303 perfecti
2450 3241 2557 3304 po-

342 3320 643 3403 tentialis,
684 3322 917 3405 Varro,
964 3322 1300 3388 Lucretius
1336 3322 1447 3386 alii
1477 3344 1622 3387 eum
1658 3331 2048 3407 spernerent.
2110 3321 2329 3386 Facile
2357 3320 2559 3406 igitur

519 3595 557 3656 ι)
594 3598 733 3656 Licet
771 3599 870 3647 iam
900 3601 952 3647 in
971 3600 1149 3659 =Plauti
1179 3606 1228 3648 et
1249 3600 1472 3649 Terentii
1510 3599 1791 3650 elocutione
1833 3599 2073 3661 quaedam
2100 3597 2276 3646 Graeci
2318 3600 2557 3645 sermonis

341 3684 584 3734 idiomata
635 3686 991 3750 deprehendas,
1044 3694 1207 3736 tamen
1246 3702 1302 3736 ea
1340 3688 1401 3735 ad
1455 3693 1618 3736 totum
1671 3686 1878 3735 dicendi
1929 3690 2139 3736 colorem
2193 3686 2558 3735 immutandum

344 3773 473 3822 nihil
509 3778 744 3823 momenti
784 3775 1028 3824 adferunt.

518 3879 561 3939 2)
598 3881 735 3930 Gonf.
776 3883 829 3931 L,
867 3884 900 3932 S
921 3899 947 3933 c
965 3882 994 3929 h
1013 3882 1093 3930 mi
1113 3881 1208 3943 dt,
1246 3882 1321 3930 De
1344 3883 1633 3931 tractandae
1659 3884 1892 3942 syntaxis
1919 3881 2134 3929 Graecae
2162 3884 2353 3928 ratione
2381 3881 2559 3941 (Man-b.

352 3971 519 4037 1870),
540 3982 590 4030 p.
636 3975 714 4018 16.

514 4075 563 4135 8)
607 4076 645 4122 Α
686 4075 889 4123 Graecis
928 4075 1057 4123 nihil
1098 4077 1314 4138 sumpsit
1349 4077 1451 4123 nisi
1488 4074 1895 4138 philosophicam
1934 4077 2190 4124 rationem.
2262 4075 2338 4122 Ex
2365 4075 2560 4122 Latinis

351 4164 677 4225 scriptoribus
715 4164 1002 4212 Ennium
1040 4164 1101 4211 ad
1140 4164 1445 4212 imitandum
1485 4165 1582 4213 sibi
1617 4164 1896 4224 proposuit.

2087 4262 2160 4324 5*
