3116 4790
1399 311 1471 376 71

333 511 697 601 potentialis
743 510 968 577 modus
1009 512 1295 597 perfecti,
1337 534 1566 597 magno
1609 533 1799 598 opere
1834 510 2197 596 augebatur
2235 521 2298 575 et
2326 510 2546 596 ampli-

333 613 654 680 ficabatur
696 611 802 677 hic
841 611 1136 698 loquendi
1179 635 1331 679 usus
1375 613 1523 678 inde
1568 613 1653 679 ab
1701 613 1980 698 Augusti
2024 621 2342 699 tempore:
2394 611 2543 676 vide

337 737 537 803 supra
579 739 642 801 p.
693 716 751 781 ὃ.
821 714 917 779 Ac
947 716 1157 782 nescio
1200 736 1284 779 an
1313 715 1396 779 ad
1431 713 1968 801 frequentandam
2002 713 2169 781 hanc
2198 713 2545 778 modestam

339 830 402 884 et
443 819 632 906 quasi
680 818 1107 882 verecundam
1159 818 1489 885 iudicandi
1540 819 1872 901 rationem,
1943 839 2109 903 quae
2148 816 2222 881 fit
2263 838 2379 902 per
2420 815 2547 880 dic-

339 922 571 986 tionem
615 918 1039 1003 potentialem,
1108 920 1325 1007 aliqua
1386 943 1468 985 ex
1525 929 1713 1006 parte
1772 919 2029 1006 impulsi
2084 920 2210 984 sint
2266 918 2547 983 homines

339 1046 528 1089 sensu
586 1020 861 1108 quodam
920 1023 1102 1085 nimis
1155 1022 1466 1087 submisso
1513 1043 1589 1086 ac
1633 1042 1835 1106 paene
1877 1020 2115 1102 servili,
2181 1042 2305 1107 quo
2346 1017 2547 1102 magis

341 1126 671 1210 magisque
726 1122 1152 1190 assuefiebant
1213 1147 1294 1189 ex
1352 1124 1690 1210 imperiosa
1753 1134 1815 1188 et
1870 1122 2151 1208 superba
2202 1120 2547 1187 Caesarum

336 1226 785 1293 dominatione.

1359 1464 1414 1540 ξ.
1457 1462 1518 1528 6.

460 1584 551 1638 De
586 1581 850 1652 perfecti
887 1580 1321 1650 deponentium
1355 1581 1419 1635 et
1451 1580 1699 1649 passivi
1734 1583 1989 1652 generis
2027 1581 2422 1638 coniunctivo

1266 1667 1612 1757 potentiali.

502 1789 645 1854 Hoc
712 1787 1074 1874 potentialis
1127 1789 1299 1854 modi
1340 1811 1540 1874 genus
1585 1801 1656 1854 ut
1698 1790 1871 1875 apud
1917 1789 2282 1881 posterioris
2326 1788 2552 1853 aetatis

335 1890 682 1975 scriptores
725 1891 818 1954 sic
860 1891 926 1953 in
968 1890 1183 1974 prisca
1226 1891 1547 1956 latinitate
1589 1913 1738 1956 raro
1782 1893 2078 1959 occurrit.
2169 1891 2295 1956 Sed
2338 1900 2550 1954 tamen

335 2013 482 2056 cum
542 2001 764 2076 postea
822 1990 1090 2058 verbum
1156 1992 1473 2078 deponens
1531 1993 1724 2079 paulo
1784 1993 2080 2058 usitatius
2129 1992 2322 2056 fuerit
2360 2012 2551 2077 quam

336 2093 668 2177 passivum
694 2091 767 2176 ¹),
812 2092 987 2179 apud
1021 2094 1264 2178 priscos
1305 2096 1651 2180 scriptores
1693 2094 1810 2160 hoc
1855 2095 2193 2161 discrimen
2234 2095 2300 2160 in
2343 2092 2554 2159 condi-

338 2193 691 2259 cionalibus
752 2195 975 2259 saltem
1034 2197 1378 2260 enuntiatis
1433 2219 1558 2262 non
1616 2198 1919 2264 cernitur.
2006 2197 2221 2283 Atque
2261 2197 2326 2259 in
2367 2216 2513 2281 pro
2533 2231 2554 2240 -

339 2296 502 2360 tasi
558 2295 978 2362 condicionali
1037 2297 1307 2383 perfecti
1366 2300 1814 2365 coniunctivus
1857 2299 2042 2365 verbi
2084 2310 2145 2363 et
2187 2297 2552 2384 deponentis

337 2409 402 2463 et
467 2400 706 2484 passivi
765 2400 1054 2484 (perinde
1114 2410 1306 2487 atque
1351 2403 1574 2485 activi)
1620 2404 1860 2487 positus
1907 2411 2003 2467 est
2042 2424 2159 2486 pro
2200 2402 2404 2466 futuri
2447 2423 2557 2465 ex·

338 2502 469 2566 acti
504 2502 928 2593 coniunctivo.
988 2502 1472 2587 Apodoseos
1502 2514 1717 2569 autem
1753 2504 2066 2569 nullum
2100 2504 2318 2569 inveni
2348 2524 2555 2567 exem-

336 2602 535 2688 plum.
622 2602 862 2669 Contra
917 2603 982 2667 in
1045 2605 1392 2669 enuntiatis
1449 2605 1819 2671 condicione
1875 2628 2000 2671 non
2058 2605 2379 2670 adstrictis
2426 2605 2552 2670 duo

337 2705 757 2771 inveniuntur
803 2704 1126 2791 exempla:
1170 2705 1236 2770 id
1280 2728 1435 2771 sane
1477 2707 1710 2771 mirum
1748 2707 1954 2774 videri
1988 2717 2214 2794 potest,
2256 2708 2555 2794 quoniam

338 2809 584 2873 activi
639 2807 906 2893 perfecti
955 2808 1433 2873 coniunctivum
1475 2829 1512 2873 ‘r
1552 2808 1772 2873 littera
1814 2808 2032 2875 fictum
2075 2831 2422 2896 numquam
2464 2811 2556 2874 ita

337 2919 720 2995 usurpatum
779 2931 913 2974 esse
973 2907 1381 2975 ostendimus.
1477 2909 1666 2988 Quae
1722 2933 1825 2976 res
1882 2911 2192 2998 quomodo
2245 2912 2328 2974 sit
2367 2932 2559 2997 expe-

339 3011 594 3093 dienda,
628 3012 799 3076 infra
835 3011 1212 3077 videbimus.
1239 3047 1324 3060 —-
1358 3012 1674 3080 Omnibus
1709 3014 1862 3079 locis
1900 3014 2238 3100 participio
2267 3012 2557 3077 additum

341 3124 437 3180 est
474 3115 916 3181 coniunctivus
951 3114 1302 3200 praesentis
1339 3114 1522 3180 verbi
1551 3116 1941 3181 substantivi
1976 3115 2130 3198 (sim
2157 3118 2248 3179 sis
2281 3114 2364 3178 sit
2392 3116 2554 3197 [siet]

189 3287 197 3298 ,
244 3303 251 3308 ι
339 3216 543 3282 simus
601 3218 762 3281 sient
780 3214 866 3297 2);
934 3237 1058 3282 non
1119 3216 1444 3282 invenitur
1497 3216 1636 3280 sitis
1656 3215 1751 3299 ³))
1807 3238 1932 3282 uno
1985 3216 2123 3281 loco
2174 3217 2556 3283 Lucretiano
2610 3274 2613 3280 ,

517 3494 562 3557 1)
601 3492 731 3542 Vide
767 3493 965 3556 Zumpt.
1007 3493 1060 3542 L.
1098 3494 1180 3542 Gr.
1219 3495 1258 3551 5.
1300 3496 1419 3554 528,
1450 3498 1504 3554 1;
1544 3494 1748 3555 Madvig
1784 3496 1817 3543 l.
1857 3508 1895 3543 s.
1935 3509 1973 3545 s.
2008 3512 2059 3560 p.
2096 3501 2220 3557 109;
2259 3496 2483 3557 Krueger
2501 3498 2558 3546 L.

334 3582 559 3643 ‚SprachL
592 3597 640 3644 p.
679 3585 775 3631 611
819 3583 889 3641 (§.
927 3577 1073 3642 457).
1112 3588 1215 3631 not.
1254 3586 1294 3633 1.
1333 3583 1389 3629 in
1424 3596 1581 3645 marg.
1618 3584 1708 3633 inf.
1746 3581 2007 3645 (Kuehner
2035 3585 2089 3635 L.
2120 3586 2203 3637 Gr.
2232 3585 2297 3633 11.
2331 3599 2381 3647 p.
2426 3587 2556 3636 132:

341 3670 427 3719 der
453 3671 612 3720 Koni.
650 3669 734 3718 des
761 3669 1050 3728 Damnem,
1105 3670 1292 3732 inquit,
1343 3670 1533 3718 kommt
1570 3673 1731 3720 selten
1762 3686 1871 3721 vor.
1943 3671 2040 3722 Sed
2074 3673 2188 3735 ipse
2224 3674 2364 3734 plura
2401 3671 2559 3733 depo·

342 3761 572 3807 nentium
613 3757 844 3821 exempla
879 3757 1042 3806 adfert
1079 3770 1225 3817 quam
1263 3760 1452 3820 passivi
1488 3761 1726 3820 generis.)

517 3846 559 3906 2)
598 3846 762 3896 Semel
802 3859 891 3906 pro
927 3849 1061 3895 sient
1098 3847 1285 3906 legitur
1314 3849 1492 3907 fuant.
2398 3893 2406 3904 ,

515 3936 558 3994 ⁸)
598 3938 654 3983 ln
701 3936 999 3983 vetando
1042 3935 1163 3983 haec
1197 3948 1325 3998 pers,
1361 3937 1528 3997 posita
1565 3942 1640 3984 est
1677 3936 1787 3983 Liv.
1828 3937 1866 3982 V
1906 3940 1990 3998 53,
2018 3941 2047 3986 3
2085 3951 2176 3986 nec
2210 3938 2269 3986 id
2313 3940 2560 3986 mirati

344 4029 544 4082 sitia,
578 4026 887 4087 priusquam
922 4027 1070 4085 quale
1103 4026 1173 4072 sit
1207 4023 1504 4072 audieritis:
1564 4024 1788 4094 Schmalz
1812 4026 1843 4075 l.
1872 4038 1911 4073 a.
1947 4038 1987 4073 s,
2024 4040 2072 4088 p.
2114 4028 2211 4075 349
2243 4025 2374 4073 hunc
2397 4026 2561 4074 locum

345 4116 515 4164 minus
553 4118 689 4162 recte
724 4113 786 4160 ad
825 4115 1224 4178 potentiale
1262 4126 1418 4178 genus
1454 4114 1618 4166 refert.
