3116 4790
1609 369 1692 435 32

1622 710 1677 765 1.

541 819 751 887 Plaut.
799 820 972 885 Asin.
1020 820 1142 883 764
1184 821 1251 884 ni
1292 821 1359 883 in
1401 818 1757 903 quadriduo
1819 819 2431 905 Abalienarit¹)‚
2466 842 2616 906 ‘quo
2677 844 2756 888 ex

707 926 1028 1006 arqentum
1072 926 1394 1006 acceperit,
1440 921 1612 987 Tuos
1652 922 2000 987 arbitratus
2042 925 2124 987 sit
2137 922 2204 1005 2).

542 1023 727 1109 Capt.
771 1025 895 1090 599
939 1022 1110 1103 Quid
1150 1024 1295 1090 ais?
1339 1024 1489 1106 quid
1521 1028 1582 1090 si
1616 1024 1779 1090 hunc
1814 1024 2229 1109 conprehendi
2260 1026 2641 1090 iusserim
2659 1027 2755 1111 3).9

543 1128 718 1195 Asin.
765 1127 890 1192 803
937 1125 1099 1193 Tum
1157 1130 1215 1191 si
1271 1147 1533 1193 coronas
1588 1131 1758 1192 serta
1811 1131 2125 1212 unquenta
2181 1127 2557 1210 iusserit,
2622 1129 2754 1194 An-

710 1228 918 1295 cillam
973 1228 1192 1295 Veneri
1234 1229 1484 1311 deferre
1530 1234 1643 1296 aut
1688 1229 2003 1314 Cupidini,
2069 1227 2237 1295 Tuos
2278 1248 2492 1294 servos
2534 1236 2756 1314 servet,

725 1330 1026 1396 Veneri-ne
1070 1351 1177 1396 eas
1221 1330 1318 1395 det
1360 1353 1444 1396 an
1486 1331 1646 1398 viro,

550 1433 727 1496 Asin.
772 1434 893 1498 878
943 1432 1186 1516 Possis’,
1229 1433 1289 1498 si-
1309 1433 1492 1517 forte
1534 1433 1935 1499 adcubantem
1974 1439 2144 1499 tuom
2184 1433 2388 1498 virom
2430 1454 2615 1498 cons
2621 1457 2671 1518 p
2691 1454 2755 1498 e-

704 1534 935 1599 oeeris
949 1584 968 1617 ,
1015 1535 1171 1602 Cum
1209 1555 1438 1601 corona
1472 1536 1831 1620 amplexum
1864 1537 2130 1601 amicam
2172 1535 2232 1599 si
2270 1533 2491 1600 videas
2508 1535 2580 1618 4),
2625 1556 2755 1621 coy-

707 1635 998 1701 noscere?

716 1878 752 1939 ¹)
790 1881 905 1929 Alia
955 1883 1112 1931 forma
1164 1884 1216 1930 in
1256 1887 1390 1932 -arit
1433 1890 1508 1933 est
1545 1883 1676 1947 apud
1712 1885 1873 1935 Lucil.
1914 1885 2013 1934 673
2056 1886 2142 1934 L.:
2201 1886 2465 1934 Lucilium
2501 1886 2547 1932 si
2584 1895 2747 1930 amore

540 1968 887 2016 inritas-it
921 1983 1032 2017 sua.
1074 1967 1169 2016 Sed
1207 1982 1318 2016 cum
1357 1970 1489 2018 desit
1530 1971 1779 2032 apodosis,
1817 1971 1992 2020 modus
2030 1974 2261 2032 cognosci
2297 1974 2489 2036 nequit.

718 2053 765 2115 ²)
797 2056 906 2104 Hoc
941 2056 1050 2103 loco
1086 2069 1240 2117 aeque
1269 2067 1415 2120 atque
1444 2060 1586 2107 Asin.
1625 2061 1744 2110 782.
1783 2063 1902 2110 800.
1942 2062 2056 2111 803.
2099 2062 2199 2108 806
2236 2061 2752 2108 coniunctivum

541 2155 648 2190 esse
684 2143 1002 2192 statuendum
1040 2143 1185 2192 docet
1217 2160 1414 2208 praes
1436 2149 1621 2196 entis
1656 2149 2161 2196 coniunctivns
2198 2149 2286 2208 qui
2326 2153 2402 2196 est
2440 2149 2493 2196 in
2523 2161 2603 2194 vv,
2636 2145 2752 2201 770,

541 2231 669 2290 794;
710 2233 769 2279 cf.
807 2247 888 2281 vv.
929 2234 1043 2291 764,
1083 2236 1198 2281 785.

706 2316 754 2376 ³)
789 2319 894 2366 Hoc
942 2321 1049 2368 solo
1104 2321 1212 2371 loco
1267 2326 1430 2369 exstat
1479 2322 1699 2381 prima
1749 2335 2041 2383 persona
2092 2323 2534 2373 coniunctivi
2590 2334 2750 2382 per-

535 2407 856 2460 scoticum
892 2409 1105 2457 formula
1145 2411 1286 2469 Quid
1321 2413 1368 2458 si
1405 2412 1685 2460 coniuncta.
1758 2410 1953 2469 Quanto
1991 2426 2139 2475 opere
2188 2415 2425 2461 iusserim
2476 2410 2539 2457 ad
2589 2411 2748 2457 futuri

535 2497 697 2544 exacti
733 2498 837 2543 vim
875 2496 1090 2555 accedat,
1128 2510 1418 2558 cognoscere
1454 2499 1578 2546 licet
1613 2512 1675 2545 ex
1712 2498 1906 2548 duobus
1943 2500 2205 2548 similibus
2242 2501 2381 2556 Ιοοίε,
2416 2496 2505 2545 ubi
2545 2497 2614 2544 in
2635 2495 2701 2543 di
2723 2522 2748 2532 -

534 2584 809 2631 cativus
860 2585 1081 2633 futuri
1139 2588 1367 2634 exacti
1411 2584 1496 2634 ‘est
1541 2588 1763 2647 positus:
1837 2588 2015 2636 Pseud.
2055 2591 2154 2635 514
2192 2588 2334 2648 Quid
2370 2590 2415 2635 si
2448 2586 2749 2633 abstulero?

533 2669 660 2717 Rud.
703 2674 798 2719 721
841 2671 983 2732 Quid
1017 2674 1062 2720 si
1098 2675 1354 2734 attiyero?
1405 2672 1604 2720 Tertius
1641 2672 1837 2721 accedit
1871 2674 2007 2721 locus
2044 2673 2254 2721 dubius:
2291 2675 2436 2721 Asin.
2474 2673 2573 2719 720
2608 2670 2750 2730 Quid

532 2761 578 2806 si
616 2763 841 2820 optaro?
878 2759 1017 2818 Quod
1043 2774 1155 2809 cum
1181 2762 1251 2809 sit
1278 2763 1479 2809 unicum
1517 2762 1801 2823 exemplum
1836 2764 2017 2811 formae
2055 2777 2175 2811 -aro
2209 2764 2264 2808 in
2288 2764 2452 2823 prisca
2475 2759 2748 2816 latinitate,

530 2849 778 2898 Luebbert
812 2850 836 2896 I
872 2863 921 2910 p.
960 2853 988 2897 6
1042 2851 1323 2912 suspicatur
1372 2855 1588 2912 optas-so,
1646 2863 1693 2910 p.
1747 2852 1809 2897 78
1861 2855 2023 2898 autem
2068 2850 2301 2913 proponit
2336 2848 2516 2907 optabo
2564 2845 2745 2895 collato

533 2937 683 2987 Mero.
737 2955 782 2983 v.
837 2941 956 2987 506.
995 2939 1254 2987 Praeterea
1302 2939 1484 2999 legitur
1517 2938 1645 2987 Rud.
1679 2940 1779 2986 472
1818 2939 1956 2998 Quid
2006 2941 2052 2987 si
2100 2939 2407 2987 abstulerit?
2442 2941 2491 2985 et
2528 2934 2639 2983 Cas.
2677 2935 2743 2992 11,

534 3030 581 3083 5,
607 3027 670 3071 37
711 3027 849 3086 Quid
885 3029 932 3074 si
965 3028 1222 3075 evenerit?
1291 3024 1487 3083 Quibus
1525 3025 1587 3073 de
1624 3027 1748 3073 locis
1796 3028 1922 3076 nihil
1970 3030 2090 3077 certi
2140 3027 2353 3077 iudicari
2391 3031 2586 3087 potest3
2642 3024 2747 3071 nisi

531 3113 660 3174 quod
720 3117 991 3163 incerta
1059 3121 1124 3177 et,
1187 3120 1244 3163 ut
1298 3117 1368 3163 ita
1423 3113 1599 3171 dicam,
1659 3113 2061 3162 dubitativa
2131 3115 2490 3163 sententiarum
2550 3110 2747 3159 ratione

528 3216 555 3250 c
572 3214 599 3248 ο
617 3214 647 3248 11
665 3203 683 3248 i
700 3215 732 3248 u
749 3205 931 3252 nctiv
949 3217 979 3250 u
998 3216 1021 3250 s
1058 3203 1232 3251 modus
1250 3201 1468 3252 indicari
1490 3202 1706 3250 videtur.
1736 3226 1797 3237 --
1825 3202 2011 3251 Ceteris
2035 3205 2158 3251 locis
2185 3201 2324 3262 Quid
2349 3204 2396 3251 si
2431 3202 2747 3250 consociatur

529 3303 638 3339 cnm
679 3291 836 3338 futuri
872 3290 912 3337 Ι.
952 3290 1243 3349 indicativo,
1295 3290 1573 3351 praesentis
1629 3290 1968 3357 coniunctim,
2021 3292 2297 3351 praesentis
2337 3289 2639 3339 indicativo:
2696 3305 2743 3340 v.

530 3378 667 3425 Brix.
695 3378 753 3426 ad
793 3378 932 3439 Capt.
968 3383 1084 3428 599.
1125 3379 1278 3427 Ouius
1303 3379 1550 3441 exemplis
1587 3378 1741 3430 adde:
1782 3378 1890 3429 Cas.
1922 3382 2019 3428 674
2045 3380 2187 3440 Quid
2209 3382 2367 3429 etiam
2389 3382 2435 3427 si
2462 3382 2747 3427 occentem?

529 3465 676 3514 Merc.
717 3470 816 3514 564
855 3467 994 3526 Quid
1028 3470 1074 3515 si
1107 3470 1315 3516 visam?
1349 3469 1471 3515 578.
1507 3466 1660 3515 Poen.
1695 3468 1771 3517 111
1810 3471 1935 3526 3,95
1977 3468 2118 3528 (707)
2155 3469 2281 3516 Rud.
2328 3469 2480 3517 1312.

702 3552 745 3612 4)
780 3553 1021 3602 Praesens
1042 3555 1219 3602 videas
1239 3555 1385 3602 iuxta
1408 3555 1731 3616 praeteritum
1755 3556 1809 3601 in
1838 3555 2003 3603 futuro
2030 3558 2346 3618 conspexeris
2374 3554 2566 3601 nullam
2595 3553 2747 3601 habet

529 3641 922 3693 dubitationemz
950 3657 1062 3690 nam
1079 3645 1226 3692 video
1249 3646 1332 3701 (=
1358 3644 1440 3692 ich
1457 3644 1734 3705 betrachte)
1758 3643 1825 3703 id,
1854 3643 1982 3704 quod
2011 3647 2244 3703 conspexi
2264 3642 2351 3705 (=
2371 3658 2423 3692 es
2449 3644 2517 3690 ist
2538 3643 2636 3689 mir
2660 3654 2747 3688 vor

532 3731 710 3790 Augen
747 3731 1075 3793 gekommon).
1142 3731 1409 3780 Eiusmodi
1448 3737 1725 3795 temporum
1763 3732 2048 3781 coniunctio
2084 3743 2181 3778 non
2220 3731 2361 3778 modo
2385 3730 2590 3791 ‘optime
2625 3740 2746 3778 con-

528 3818 669 3865 venit
720 3832 831 3867 cum
883 3819 1117 3868 Plautina
1163 3821 1477 3879 neglegentia
1531 3820 1612 3876 (cf.
1651 3819 1790 3867 Trin.
1830 3820 1965 3881 468),
2025 3818 2114 3866 sed
2171 3820 2389 3869 occurrit
2425 3819 2576 3866 etiam
2613 3814 2743 3878 apud

527 3905 653 3953 alios
689 3911 891 3967 poetas:
946 3906 1091 3956 ovid.
1126 3907 1326 3955 Metam.
1363 3908 1448 3968 VI,
1496 3909 1589 3955 180
1626 3920 1696 3967 sq.
1736 3909 1802 3954 In
1838 3921 2208 3970 quamcumque
2244 3907 2426 3954 domus
2462 3905 2747 3955 adverti

528 3995 738 4041 lumina
768 3999 988 4056 partem,
1022 3999 1286 4045 inmensae
1323 4000 1740 4055 spectantur
1775 4010 1905 4057 opes.
1963 3995 2191 4044 &terum
2230 4007 2337 4041 cum
2376 3994 2611 4055 conspexi
2644 3992 2743 4037 fere

527 4082 581 4129 id
641 4084 710 4130 sit
765 4082 896 4143 quod
947 4084 1110 4142 video,
1187 4088 1394 4135 fortasse
1454 4085 1535 4132 hic
1595 4084 1903 4146 perfecti
1961 4086 2404 4144 praesentiae
2462 4080 2742 4140 exemplum

526 4169 775 4219 habemus.
