3116 4790
1418 380 1502 446 23

515 585 665 666 post
694 581 982 648 inciderit
1020 586 1087 647 in
1124 584 1382 649 eundem
1426 586 1725 666 morbum,
1772 639 1785 654 .
1833 639 1846 653 .
1895 638 1909 653 .
1959 638 1972 653 .
2020 584 2170 666 quid
2193 586 2569 667 jaciendum

524 684 695 769 321¹).

358 787 492 854 Cic.
537 808 628 854 or.
672 785 855 853 Catil.
900 788 931 851 1
982 790 1039 867 5.
1081 787 1156 852 31
1206 788 1266 853 si
1309 807 1541 870 aquam
1578 785 1851 873 yelidam
1891 786 2320 872 biberint²)‚
2353 789 2569 873 primo

527 889 806 955 relevari
841 888 1154 956 videntur.

356 989 514 1057 Sall.
559 990 700 1056 Cat.
747 990 848 1073 52,
872 992 954 1056 29
996 991 1127 1057 ubi
1168 990 1493 1056 socordiae
1548 994 1608 1055 te
1650 995 1834 1074 atque
1875 991 2169 1075 ignaviae
2209 990 2572 1057 tradide-

522 1080 673 1174 ris,
713 1094 1085 1177 nequiquam
1129 1093 1273 1158 deos
1313 1092 1634 1177 implores,

531 1195 804 1260 Per-raro
846 1195 909 1259 in
948 1207 1297 1281 utroque
1340 1194 1624 1259 membro
1660 1194 1928 1280 perfecti
1970 1195 2413 1260 coniunctivae
2457 1218 2571 1281 pro

357 1298 562 1361 futuri
606 1297 822 1361 exacti
863 1297 1264 1362 coniunctivo
1310 1297 1553 1381 positus
1598 1307 1724 1360 eet:

357 1400 487 1466 Cic.
530 1397 641 1466 fin.
685 1399 725 1463 2
768 1402 824 1479 5.
870 1400 949 1465 59
991 1399 1049 1463 si
1099 1403 1396 1465 scieris
1452 1398 1734 1483 aspidem
1791 1398 2019 1463 occulte
2073 1398 2267 1464 latere
2318 1402 2572 1483 uspiam

582 1552 597 1568 .
642 1502 977 1586 „improbe
1005 1500 1356 1585 feceris,
1401 1501 1528 1565 nisi
1569 1501 2009 1566 monueris,

522 1605 623 1668 An
666 1603 730 1671 h.
774 1603 814 1667 l.
856 1603 1056 1668 futuri
1099 1626 1199 1672 ex.
1243 1604 1669 1669 indicativum
1715 1624 2137 1689 agnoscamus
2155 1600 2189 1664 ἱ)

522 1705 697 1772 conf.
741 1706 872 1772 Cic.
916 1705 999 1770 ad
1035 1706 1182 1771 fam.
1222 1708 1321 1789 10,
1362 1707 1488 1789 4‚3
1533 1706 1744 1771 omnia
1784 1705 2098 1786 viceris,
2138 1704 2217 1785 si,
2257 1707 2327 1769 ut
2367 1723 2572 1788 spem,

366 1810 421 1870 te
472 1806 753 1872 validum
808 1806 1096 1888 videro;
1163 1808 1297 1874 Att.
1355 1807 1416 1889 2,
1475 1808 1578 1890 24,
1619 1808 1659 1872 5
1714 1807 2159 1890 respiraro)
2225 1806 2284 1870 si
2339 1810 2397 1871 te
2454 1805 2570 1871 vi-

359 1906 635 1986 dero3).

523 2010 824 2075 Ceterum
868 2008 951 2073 ad
995 2007 1114 2073 hoc
1156 2029 1407 2094 quoque
1449 2029 1652 2093 genus
1696 2006 1913 2073 valere
1952 2008 2337 2093 putaverim,
2402 2007 2572 2093 quod

364 2111 641 2197 Madvig
684 2111 724 2178 l.
767 2133 816 2175 e.
858 2135 906 2177 e.
947 2135 1010 2198 p.
1053 2111 1168 2174 101
1228 2111 1558 2193 iudicavit,
1625 2118 1870 2176 veteres
1927 2111 2094 2195 ipsos
2151 2129 2275 2174 non
2330 2129 2573 2194 semper

361 2217 532 2277 certo
575 2233 765 2279 sensu
805 2217 1089 2298 tempora
1132 2211 1512 2294 distinxisse,
1576 2215 1644 2276 ut
1676 2213 1968 2296 praecise
2020 2213 2147 2297 ipsi
2188 2211 2394 2278 dicere
2426 2233 2573 2297 pos-

527 2421 573 2483 1)
611 2423 669 2468 In
707 2421 807 2471 Cio.
836 2421 897 2469 de
933 2424 1017 2471 off.
1045 2423 1188 2470 libris
1214 2424 1417 2471 omuino
1446 2424 1729 2483 frequentes
1756 2426 1873 2469 sunt
1897 2422 2150 2470 eiusmodi
2177 2424 2572 2472 enuntiationes,

529 2507 571 2567 2)
609 2510 823 2569 Draeger
860 2511 909 2558 11
948 2524 989 2569 p>
1032 2513 1129 2558 719
1170 2511 1218 2559 h.
1255 2513 1289 2559 l.
1327 2511 1495 2559 adlato
1533 2510 1705 2559 addit:
1743 2511 1881 2559 Melu-
1917 2511 2109 2559 Stellen
2144 2509 2237 2571 (sc.
2277 2512 2400 2571 perf.
2437 2514 2568 2563 coni.

355 2611 467 2646 cum
519 2600 798 2660 praesentis
842 2597 1115 2647 indicativo
1165 2600 1407 2662 copulati)
1462 2614 1555 2648 aus
1594 2601 1767 2649 Oicero
1822 2600 1944 2647 sind
1993 2602 2094 2647 mir
2144 2600 2289 2647 nicht
2339 2600 2572 2649 bekannt.

354 2685 600 2746 Equidem
642 2685 712 2747 (si
749 2687 979 2735 abhorres
1017 2702 1045 2734 a
1092 2687 1232 2735 facili
1267 2690 1543 2736 mutatione
1582 2689 1637 2734 in
1688 2687 1946 2747 biberunt)
1985 2689 2074 2736 fut.
2115 2701 2192 2734 ex.
2231 2688 2297 2734 in
2320 2687 2571 2736 dicati·

354 2787 500 2820 vum
529 2775 575 2821 h.
602 2776 635 2822 l.
672 2776 910 2836 praefero.
950 2773 1085 2832 Quae
1119 2781 1396 2837 temporum
1434 2775 1534 2835 (fut
1572 2777 1637 2822 11.
1662 2781 1712 2823 et
1734 2779 1914 2837 praee.)
1951 2776 2238 2823 coniunctio
2264 2776 2396 2837 apud
2423 2777 2572 2824 Pleu-

355 2868 460 2909 tum
500 2863 701 2924 quidem
739 2869 788 2910 et
825 2863 1114 2911 Terentium
1154 2877 1248 2910 non
1289 2865 1360 2911 ita
1397 2877 1503 2910 raro
1541 2865 1694 2911 obvia
1731 2862 1928 2921 (Rothh.
1965 2865 1995 2910 1.
2035 2877 2076 2910 e.
2112 2877 2151 2911 e.
2190 2877 2237 2924 p.
2277 2865 2359 2925 31,
2397 2865 2574 2925 Liebig

354 2949 389 2996 1.
426 2963 467 2997 ε.
504 2964 543 3001 e.
577 2966 627 3013 p.
671 2953 752 3009 14)
803 2953 986 3011 legitur
1037 2953 1185 3000 etiem
1234 2951 1367 3012 apud
1405 2951 1724 3000 Cornificium
1776 2956 1804 2999 3
1841 2952 1883 3010 5.
1924 2953 1987 2997 34
2035 2953 2159 3001 haec
2194 2956 2309 2999 tum
2343 2954 2493 3009 valet,
2530 2957 2575 3002 si

356 3041 864 3100 exsuscitaverimu33
904 3038 1002 3088 duo
1041 3040 1251 3088 Liviana
1302 3043 1529 3102 exempla
1577 3056 1626 3089 v.
1675 3054 1753 3101 ap.
1789 3041 2008 3100 Draeger
2044 3041 2089 3086 11
2128 3054 2177 3102 p.
2220 3042 2337 3089 714.
2383 3040 2573 3089 Eodem

357 3127 666 3176 referendum
715 3128 788 3178 oi
809 3142 851 3177 c.
904 3130 985 3178 off.
1024 3129 1073 3175 11
1111 3130 1177 3175 20
1217 3128 1285 3193 (5.
1341 3132 1428 3190 70)
1481 3134 1528 3179 ei
1577 3131 1880 3192 opulentum
1924 3128 2357 3192 fortunatumque
2405 3129 2575 3192 defen-

356 3215 502 3275 deris,
538 3219 599 3266 in
634 3232 741 3266 uno
778 3219 873 3266 illo
912 3253 924 3266 .
962 3254 974 3266 .
1014 3252 1026 3266 .
1063 3221 1240 3268 manet
1274 3222 1462 3278 qratia.
1501 3217 1659 3276 Quem
1698 3219 1863 3267 locum
1887 3218 1929 3264 K
1950 3231 2194 3277 rueger
2219 3218 2327 3267 Lat.
2356 3218 2574 3279 Sprachl.

356 3320 408 3367 p.
448 3308 550 3354 870
586 3307 627 3365 5.
665 3311 766 3355 838
805 3313 907 3355 not.
945 3312 972 3354 3
1011 3306 1071 3354 ad
1122 3309 1246 3370 perf.
1299 3307 1428 3354 «zoni.
1465 3309 1717 3368 pertinere
1770 3306 1900 3354 falso
1958 3304 2217 3362 iudicavit,
2272 3305 2324 3351 in
2363 3319 2573 3354 errorem

356 3396 578 3444 inlectus
613 3398 784 3457 regula
816 3409 1072 3459 perperam
1110 3398 1253 3445 ficta:
1317 3395 1382 3443 So
1432 3396 1573 3443 kann
1622 3394 1948 3455 [defenderis]
1997 3409 2101 3444 nur
2135 3395 2222 3443 der
2257 3395 2392 3458 Perf-
2431 3396 2573 3444 Goni.

356 3486 480 3542 sein,
515 3499 687 3547 weyen
723 3485 806 3534 dee
844 3486 1018 3534 Praes.
1061 3474 1136 3534 im
1171 3486 1481 3546 Haupteatz.

530 3569 572 3629 Β)
607 3571 824 3631 Draeger
862 3572 885 3618 1
938 3586 988 3633 p.
1026 3574 1123 3619 283
1166 3584 1240 3636 sq.
1282 3571 1348 3631 (5.
1383 3572 1533 3632 138.).
1600 3571 1673 3620 De
1712 3572 1880 3619 futuro
1916 3571 1979 3618 11.
2019 3571 2111 3619 hoc
2146 3569 2291 3617 modo
2324 3571 2491 3632 posito
2527 3584 2572 3615 v.

357 3661 608 3721 imprimis
635 3659 856 3720 Madvig.
894 3660 927 3706 l.
967 3672 1005 3707 s.
1040 3673 1080 3709 e.
1122 3675 1170 3721 p.
1209 3664 1292 3707 84.
1329 3685 1381 3694 -
1415 3660 1471 3707 ln
1510 3660 1628 3708 aliis
1659 3665 1852 3721 praeter
1887 3659 2053 3707 adlata
2090 3658 2383 3708 enuntiandi
2423 3672 2575 3719 gene·

358 3748 498 3795 ribus
535 3749 748 3811 perfecti
787 3749 1134 3796 coniunctivae
1171 3750 1328 3797 futuri
1368 3749 1431 3797 11.
1466 3753 1633 3810 partes
1668 3750 1915 3796 sustinere
1956 3760 2051 3795 non
2089 3746 2288 3796 videtur
2327 3745 2452 3807 (uisi
2491 3747 2574 3795 ubi

357 3835 658 3895 obliqua
707 3836 953 3883 orationis
1005 3836 1287 3898 implicatio
1343 3837 1552 3896 requirit
1600 3836 1690 3883 fut.
1733 3835 1792 3881 11.
1834 3835 2250 3895 coniunctivum).
2320 3833 2444 3881 Nam
2478 3833 2577 3883 huc

357 3936 456 3971 nou
518 3926 767 3985 pertinent
824 3923 1061 3987 quaedam
1124 3926 1383 3972 enuntiata
1431 3939 1459 3971 8
1506 3924 1773 3985 particulis
1829 3926 2130 3985 priusquam
2194 3927 2244 3971 et
2302 3927 2577 3985 antequam

362 4012 678 4074 incipientia,
741 4008 865 4072 qua‘e
920 4017 1117 4060 enotata
1165 4014 1390 4061 invenies
1446 4010 1577 4073 apud
1615 4012 1841 4071 Draeger.
1887 4011 1934 4059 11
1984 4025 2030 4072 p.
2071 4011 2167 4057 6323
2208 4024 2280 4073 eq.
2322 4011 2383 4070 (5.
2420 4013 2571 4068 blm:

357 4099 520 4147 Plaut.
559 4099 707 4149 Mero.
753 4105 862 4160 155,
901 4112 1048 4161 quem
1086 4115 1279 4149 versum
1317 4101 1540 4160 Draeger
1593 4102 1665 4148 sio
1714 4101 1861 4149 citat:
1920 4102 2029 4148 iam
2072 4111 2150 4157 pr.
2190 4114 2270 4161 qu.
2309 4102 2576 4161 eloquatus

359 4190 516 4245 sim,
557 4189 703 4245 scias,
740 4189 787 4235 ei
821 4190 1034 4239 mentiri
1069 4190 1307 4246 velim,
1354 4190 1408 4238 in
1445 4189 1725 4238 novissima
1761 4188 1959 4237 Goetzii
2000 4187 2218 4238 editione
2255 4190 2437 4248 legitur
2475 4189 2572 4239 ita:
