3116 4790
1431 376 1510 441 79

370 577 513 662 pria
555 598 674 640 sua
728 585 965 640 natura
1024 584 1216 664 atque
1274 577 1515 661 origine
1573 577 1914 662 praecipue
1958 575 2221 641 idoneae
2267 585 2452 641 erant
2494 577 2579 642 ad

367 680 660 743 futurum
703 679 1032 764 potentiali
1074 679 1257 744 modo
1300 677 1809 763 significandum.
1882 680 2381 765 Antiquissimae
2416 680 2582 743 enim

371 782 601 845 aetatis
662 780 942 845 homines
1001 792 1259 866 propter
1314 783 1624 846 incertam
1668 794 1730 846 et
1773 782 2082 847 occultam
2130 782 2386 847 venturi
2430 789 2577 844 tem·

370 883 542 967 poris
588 882 900 946 rationem
941 882 1196 948 futuras
1251 904 1350 947 res
1392 905 1516 948 non
1563 892 1891 970 tamquam
1936 884 2191 948 effectas
2236 892 2298 947 et
2340 891 2587 970 praete-

368 985 530 1047 ritas
581 992 792 1049 mente
844 983 1173 1070 fingebant
1214 988 1405 1072 (quae
1447 986 1543 1051 vis
1588 986 1753 1049 inest
1792 986 1856 1048 in
1897 986 2188 1052 futuro
2232 988 2585 1068 exacto),

368 1087 480 1151 sed
537 1109 669 1152 rem
723 1084 1094 1170 simpliciter
1139 1086 1472 1150 denotasse
1516 1094 1578 1150 et
1623 1108 1736 1171 per
1778 1087 2104 1171 cogitandi
2145 1087 2403 1154 modum
2445 1087 2486 1152 i.
2531 1109 2585 1150 e.

371 1188 913 1270 coniunctivum¹)
980 1188 1263 1252 modeste
1330 1187 1671 1272 protulisse
1732 1190 1887 1252 satis
1955 1189 2300 1256 habebant.
2387 1187 2587 1274 Atqui

370 1290 616 1354 formae
650 1311 687 1355 r
722 1290 937 1355 littera
971 1289 1160 1354 fictae
1198 1291 1380 1353 nimis
1423 1311 1791 1375 expressam
1831 1290 2155 1355 habebant
2189 1293 2283 1356 rei
2318 1300 2586 1355 exactae

372 1402 435 1457 et
481 1393 867 1478 praeteritae
911 1393 1244 1457 notionem.
1308 1391 1482 1477 Ergo
1528 1391 1696 1455 solas
1739 1392 2065 1458 breviores
2100 1395 2335 1458 formas
2372 1394 2456 1458 ad
2490 1392 2586 1461 fu-

372 1496 502 1559 turi
542 1495 802 1560 modum
830 1493 1238 1580 potentialem
1269 1492 1760 1579 significandum
1797 1517 1835 1558 a
1874 1497 2096 1581 priscis
2127 1497 2372 1562 Latinis
2407 1518 2588 1562 usur·

372 1607 562 1682 patas
606 1619 741 1662 esse
784 1619 911 1664 non
952 1607 1048 1661 est
1091 1597 1260 1682 quod
1304 1598 1625 1661 miremur.

1393 1834 1449 1911 ἓ.
1495 1832 1554 1898 3.

406 1951 496 2006 De
533 1951 776 2006 ratione
811 1949 1079 2020 perfecti
1114 1950 1498 2006 coniunctivi
1522 1950 1588 2006 in
1615 1950 1877 2021 apodosi
1902 1950 2314 2006 condicionali
2337 1950 2547 2021 positi.

538 2056 688 2121 Alia
731 2058 897 2122 ratio
942 2069 1135 2144 atque
1178 2059 1241 2121 in
1290 2057 1600 2123 absolutis
1643 2058 1988 2123 enuntiatis
2029 2056 2235 2122 locum
2279 2056 2475 2121 habet
2518 2058 2583 2120 in

376 2159 699 2243 primariis
742 2160 1090 2225 enuntiatis
1127 2159 1695 2241 condicionalibuS,
1737 2159 1849 2224 ubi
1884 2181 2233 2245 numquam
2273 2159 2584 2244 (exceptis

372 2261 710 2325 tritissimis
762 2262 1004 2327 voculis
1030 2262 1258 2344 faoez‘m
1301 2274 1364 2328 et
1406 2263 1643 2346 ausim)
1683 2261 2064 2345 breviorem,
2108 2284 2353 2348 semper
2389 2260 2588 2347 pleni-

356 2384 544 2428 orem
599 2363 868 2428 formam
927 2365 1198 2432 inveniri
1257 2365 1553 2433 vidimus.
1638 2367 1846 2451 Atque
1906 2366 1970 2428 in
2025 2363 2145 2430 hac
2203 2387 2454 2452 quoque
2513 2386 2583 2429 re

368 2476 639 2552 apparet
680 2467 950 2530 Latinae
1004 2467 1261 2553 linguae
1306 2467 1646 2533 subtilitas,
1736 2467 1812 2530 In
1872 2466 2134 2552 apodosi
2192 2469 2356 2531 enim
2415 2469 2581 2533 actio

369 2567 565 2634 verbo
629 2590 934 2655 expressa
973 2591 1099 2634 non
1143 2593 1255 2655 per
1299 2593 1364 2635 se
1408 2580 1471 2634 et
1514 2569 1804 2635 absolute
1847 2569 2273 2649 constituitur,
2327 2568 2437 2632 sed
2480 2568 2582 2634 vel

364 2669 557 2754 plane
603 2670 705 2735 vel
749 2693 833 2735 ex
875 2682 1059 2756 parte
1102 2662 1255 2757 apta
1297 2682 1392 2736 est
1435 2695 1517 2736 ex
1562 2681 1892 2757 protaseos
1936 2671 2320 2752 condicione,
2378 2672 2471 2735 ita
2512 2680 2585 2735 ut

365 2773 702 2857 utriusque
744 2772 1013 2837 membri
1059 2774 1222 2838 actio
1268 2775 1452 2838 modo
1499 2775 1718 2838 eodem
1760 2771 1878 2836 fiat
1919 2783 2219 2859 tempore,
2263 2771 2447 2837 modo
2492 2772 2582 2837 di-

365 2896 573 2955 vers0,
639 2884 838 2962 utque
883 2899 983 2940 res
1028 2897 1413 2961 consequens
1455 2876 1641 2940 modo
1685 2877 1767 2940 sit
1809 2876 2221 2961 praeterien8‚
2287 2875 2471 2939 modo
2516 2876 2583 2940 in

362 2987 537 3041 statu
597 2974 808 3062 aliquo
869 2999 1159 3041 manens:
1229 2977 1311 3041 ad
1371 2978 1490 3040 has
1549 2988 1761 3041 autem
1805 2980 2082 3041 rationes
2125 2975 2581 3062 significandas

367 3077 738 3143 breviorum
768 3078 1116 3144 formarum
1152 3081 1250 3145 vis
1294 3102 1371 3145 ac
1416 3092 1654 3144 natura
1700 3102 1825 3145 non
1871 3090 2010 3143 erat
2052 3089 2222 3165 apta.
2287 3079 2583 3165 Namque

365 3179 454 3242 eis
516 3179 786 3244 futuri
847 3182 1241 3266 temporis
1308 3191 1828 3263 momentum,
1901 3180 2039 3245 ubi
2099 3182 2419 3269 aliquid
2485 3182 2581 3247 ad

363 3280 838 3346 realitatem
902 3282 1385 3365 adducitur,
1448 3284 1949 3369 simpliciter
2005 3284 2582 3368 significatur,

363 3406 600 3471 neque
642 3384 869 3451 actio
929 3385 1045 3447 eis
1088 3383 1539 3469 designata
1598 3384 1817 3449 alius
1862 3385 2208 3449 actionis
2252 3395 2585 3472 tempore

363 3486 529 3551 ullo
586 3485 816 3551 modo
872 3496 995 3551 est
1060 3485 1424 3550 definita
1491 3496 1567 3550 et
1629 3486 2362 3572 circumscripta²):
2432 3486 2583 3551 vide

774 3643 866 3650 *-

536 3730 574 3788 ¹)
610 3731 686 3779 vel
735 3734 906 3793 potius
953 3747 1042 3794 per
1095 3736 1511 3794 optativum,
1573 3736 1807 3794 quoniam
1859 3749 1901 3781 v,
1943 3749 1984 3782 c.
2033 3732 2205 3793 faxim
2240 3736 2324 3792 (.-.--
2362 3733 2578 3794 faxiem)

363 3816 568 3867 ‘aorIsti’
606 3822 863 3881 optativus
905 3834 1012 3870 esse
1049 3820 1265 3869 videtur.

530 3905 576 3964 2)
611 3907 681 3954 Ut
715 3910 844 3971 pers.
879 3910 1231 3959 coniunctivus
1269 3911 1322 3957 in
1369 3911 1509 3967 -eim,
1562 3910 1641 3956 sio
1675 3923 1737 3958 no
1776 3910 1997 3956 futurum
2035 3907 2236 3968 quidem
2273 3921 2360 3970 per
2396 3924 2447 3957 -s
2492 3909 2581 3956 flc-

360 4000 466 4042 tnm
493 3997 717 4056 (excepta
755 3997 917 4057 prima
955 3998 1082 4056 sing.
1121 3997 1355 4057 persona)
1391 4002 1490 4044 tam
1531 3997 1679 4055 louge
1716 3995 2121 4056 progrediebatur
2159 3997 2212 4043 iu
2249 3994 2584 4054 significanda

361 4085 559 4131 actione
594 4085 647 4130 in
686 4084 853 4130 futuro
892 4087 1178 4147 praeterita,
1217 4097 1363 4145 quam
1404 4086 1623 4132 futurum
1659 4098 1748 4145 per
1781 4099 1834 4130 -o-
1875 4085 2152 4132 formatum.
2227 4083 2377 4140 Nam,
2413 4084 2583 4145 inquit

358 4172 523 4222 Madv.
551 4184 599 4232 p.
627 4174 711 4234 80,
738 4187 901 4236 mque
937 4177 995 4222 in
1033 4188 1102 4233 re,
1137 4187 1292 4236 quam
1327 4173 1488 4219 simul
1523 4186 1638 4219 cum
1675 4173 1842 4219 altera
1882 4171 2176 4220 absolutum
2211 4174 2283 4220 iri
2315 4175 2580 4233 putamus,
