3116 4790
1456 318 1533 387 51

376 513 526 578 Oist.
573 513 698 595 ΙΙΙ,
764 518 821 598 1,
853 525 882 583 1
931 516 1222 602 Sequere,
1285 541 1425 586 mea
1487 521 1817 606 Sileniuan,
1901 525 1981 592 Ut
2042 547 2275 610 eorum,
2346 550 2613 613 quorum

545 621 782 699 oportet
825 637 957 683 esse
999 623 1076 701 te,
1119 620 1211 684 sis
1245 622 1483 705 postue,
1531 644 1724 708 quam
1767 646 1924 694 mea.

375 718 546 785 Pers.
593 718 718 782 332
764 716 1039 802 Sequere
1080 721 1218 804 hae,
1263 744 1401 787 mea
1440 729 1658 808 quatu,
1703 747 1798 790 me
1842 748 1983 792 eum
2027 728 2126 793 dis
2159 731 2522 798 volentibus,

374 818 562 981 Trin}
599 819 759 903 prol.
806 824 835 884 1
890 820 1161 905 Sequere
1218 825 1356 906 hac,
1426 845 1568 890 mea
1618 833 1834 911 quatu,
1899 834 1970 893 ut
2025 849 2254 895 munus
2292 833 2613 918 funqaris

561 939 727 983 uom.

521 1040 577 1100 2.
623 1039 701 1101 In
762 1040 973 1103 media
1032 1062 1265 1104 scaena
1323 1043 1363 1104 i.
1409 1063 1460 1105 e.
1519 1042 1679 1107 inito
1740 1045 1865 1108 iam
1925 1069 2212 1114 sermone
2267 1050 2498 1135 aliquis
2541 1051 2607 1114 in

628 1141 823 1204 alium
866 1162 1139 1205 scaenae
1181 1141 1391 1207 locum
1436 1144 1787 1210 concedere
1830 1147 2121 1213 iubetur:

380 1256 590 1321 Plaut.
641 1258 816 1325 Asin.
862 1258 1009 1339 648,
1051 1258 1283 1323 Bacch.
1328 1260 1410 1324 39
1456 1259 1731 1341 Sequere
1774 1263 1910 1329 hac.

373 1356 554 1442 Capt.
602 1357 727 1422 293
772 1356 1043 1442 Sequere
1087 1358 1205 1423 hae
1248 1381 1344 1424 me
1386 1362 1583 1445 iyitur
1605 1362 1669 1440 ¹).

372 1459 556 1542 Capt.
604 1458 728 1524 373
774 1457 1082 1543 Sequere:
1128 1479 1222 1522 em
1265 1462 1375 1526 tibi
1418 1462 1749 1528 homiuem.

373 1560 558 1625 Cure.
610 1561 689 1624 88
737 1559 1010 1642 Sequere
1059 1561 1195 1640 hae,
1269 1560 1599 1644 Palinure,
1665 1584 1762 1628 me
1815 1563 1899 1628 ad
1924 1565 2151 1644 fores:
2203 1565 2268 1645 fi
2316 1566 2403 1628 mi
2448 1567 2608 1631 obse-

538 1680 749 1744 quens,
779 1666 812 1743 Η
842 1660 944 1726 Ita
969 1662 1244 1743 faciam.

369 1764 561 1826 Poen.
612 1764 693 1842 V,
739 1763 797 1842 3,
837 1762 919 1824 42
981 1762 1202 1845 (1161)
1262 1760 1372 1825 Me
1430 1784 1706 1848 sequere.
1749 1766 1781 1846 ΙΙ
1828 1763 1970 1830 Iam
2030 1764 2265 1828 dudum
2324 1764 2604 1845 equidem

540 1863 724 1946 cupio
769 1867 823 1926 et
864 1867 923 1926 te
966 1882 1210 1946 sequor.

541 1964 619 2027 In
654 1963 916 2048 reliquis
956 1962 1260 2049 exemplis
1289 1963 1595 2048 sequendi
1628 1963 1798 2027 iusso
1835 1963 2211 2048 adiungitur
2246 1966 2601 2029 enuntiatio

370 2063 785 2146 affirmativa,
825 2086 1027 2151 eaque
1067 2065 1403 2130 interiecta
1437 2086 1594 2129 voce
1614 2065 1794 2146 fuxo
1827 2064 1975 2149 plus
2011 2064 2307 2150 ponderis
2348 2067 2603 2152 accipit.

366 2164 577 2234 Plaut.
624 2167 800 2230 Asin.
857 2166 979 2229 876
1040 2163 1312 2247 Sequere
1370 2165 1488 2229 hac
1544 2185 1643 2227 me
1701 2164 1921 2228 modo:
1988 2166 2118 2228 iam
2158 2164 2338 2246 faxo
2389 2169 2600 2250 ipsum

540 2267 848 2331 homiuem
891 2266 1248 2348 manufesto
1292 2266 1641 2349 opprimas

368 2367 602 2432 Bacch.
649 2368 763 2433 831
821 2366 1090 2449 Sequere
1133 2366 1250 2433 hae
1291 2386 1429 2431 me:
1465 2366 1643 2448 faxo
1685 2365 1819 2432 iam
1860 2366 2039 2429 scies,

366 2470 532 2534 Men.
579 2469 702 2533 562
746 2469 1105 2552 manufesto
1129 2468 1309 2550 faxo
1352 2468 1481 2533 iam
1528 2468 1887 2552 opprimes:
1935 2487 2197 2550 sequere
2239 2468 2356 2532 hue
2399 2470 2600 2535 mode.

411 2568 531 2638 111.
581 2570 753 2635 Huic
799 2591 1060 2634 normae
1106 2592 1145 2632 a
1189 2568 1370 2633 nobis
1414 2570 1800 2633 constitutae
1839 2568 2082 2654 aliquot
2124 2567 2248 2632 loci
2291 2569 2598 2635 videntur

577 2669 867 2757 obloqui:
912 2673 1022 2757 qui
1069 2683 1278 2734 tamen
1325 2672 1418 2734 ita
1462 2679 1610 2735 sunt
1654 2671 2032 2755 comparati,
2080 2680 2147 2732 ut
2191 2670 2401 2754 potius
2448 2693 2597 2736 con-

574 2771 848 2854 firment,
892 2795 1085 2858 quam
1132 2772 1488 2856 infringant
1531 2770 1846 2855 regulam.

366 2872 556 2957 Epid.
602 2875 725 2938 657
773 2874 1044 2957 Sequere
1089 2894 1206 2955 me,
1250 2893 1432 2938 soror
1475 2873 1612 2940 hue.
1641 2874 1673 2955 ΙΙ
1700 2870 1834 2956 qu
1880 2871 1963 2936 ad
1997 2891 2109 2935 vos
2151 2870 2601 2955 Thesprionem

531 2978 782 3041 iussero
826 2977 945 3039 huc
991 2980 1268 3041 transire
1314 2996 1360 3039 e.
1406 2997 1461 3058 q.
1507 2995 1556 3039 S.
1587 2976 1619 3055 Η
1648 2972 1868 3038 Facile
1908 2973 2070 3036 istuc
2117 2974 2253 3036 erit.

535 3078 663 3142 Hic
723 3100 852 3143 non
895 3079 973 3158 ei,
1032 3078 1142 3163 qui
1185 3077 1265 3141 de
1323 3097 1558 3149 scaena
1612 3075 1852 3140 abituri
1897 3085 2066 3156 sunt,
2134 3069 2601 3157 Stratippocles

361 3179 626 3265 eiusque
669 3201 870 3260 soror,
937 3199 1288 3243 sermonem
1332 3177 1802 3261 redintegrant,
1864 3175 1974 3239 sed
2021 3174 2328 3260 Epidicus
2373 3192 2600 3236 servus

361 3280 739 3346 decedentes
796 3282 1019 3365 paucis
1078 3279 1294 3344 verbis
1354 3278 1799 3364 prosequitur3
1865 3276 2052 3340 brevi
2094 3295 2397 3360 responso
2443 3273 2595 3337 dato

361 3382 823 3469 Stratippocles
869 3404 1014 3446 cum
1059 3402 1274 3445 sorore
1315 3381 1483 3444 intro
1531 3379 1685 3445 abit.

526 3486 799 3549 Prorsus
859 3483 1140 3548 eiusdem
1197 3483 1447 3567 generis
1508 3489 1604 3545 est
1645 3482 1835 3545 Poen.
1880 3479 1934 3559 Ι,
1978 3478 2038 3558 2,
2072 3478 2195 3541 194
2253 3476 2435 3558 (406)
2496 3475 2599 3541 Se—

360 3588 552 3671 qu'ere
585 3606 681 3651 me
715 3605 915 3652 soror.
945 3588 977 3667 ΙΙ
1009 3584 1214 3668 Atque
1244 3581 1483 3648 audin?
1514 3605 1564 3650 e.
1603 3604 1662 3667 q.
1696 3603 1743 3644 s.
1797 3578 2266 3663 Adelphasium
2287 3577 2600 3639 meretrix

361 3689 541 3754 iubet
579 3684 1061 3773 Anterastylem
1098 3705 1380 3748 sororem
1423 3703 1637 3748 secum
1675 3703 1806 3746 una
1840 3682 1953 3761 ire,
1989 3678 2100 3743 sed
2139 3677 2591 3761 Agorastocles

360 3797 608 3855 sorore‘s
658 3790 821 3852 iam
875 3786 1284 3851 abeuntes
1343 3784 1530 3863 (conf.
1588 3806 1651 3847 v.
1713 3782 1838 3845 408
1885 3784 2068 3861 atque
2112 3777 2355 3843 audire?
2424 3798 2599 3842 res·

358 3891 600 3974 pice.)
646 3891 879 3953 retinet
919 3891 1135 3973 eisque
1182 3888 1490 3950 mandata
1533 3884 1853 3970 quaedam
1897 3883 2026 3946 dat.

542 4103 588 4167 ¹)
629 4103 768 4153 Conf.
804 4103 942 4151 Brix.
980 4103 1044 4151 ad
1079 4102 1125 4151 h.
1165 4103 1202 4151 l.
