3116 4790
1575 362 1661 430 44

670 565 850 631 Conf.
892 566 1094 635 Andr.
1139 567 1267 634 494
1306 572 1376 634 ut
1416 568 1609 633 metui
1648 568 1873 633 videar
1914 573 2079 634 certe
2126 571 2284 652 [scil.
2326 572 2478 656 quid
2499 573 2725 656 factu-

506 684 621 732 rus
678 667 843 750 sim,]
901 673 960 733 si
1016 671 1410 746 resciverim,·
1474 671 1665 740 Ovid.
1711 674 1866 739 Met.
1908 672 2026 756 VI,
2069 674 2193 739 362
2246 677 2593 759 minasque,
2663 678 2729 741 ni

494 770 726 853 procul
760 770 1064 853 abscedat,
1107 771 1510 857 conviciaque
1535 773 1803 858 insuper
1832 774 2071 840 addunt
2102 777 2212 862 (=
2251 775 2491 842 addunt
2515 778 2727 844 minas

503 891 571 936 se
614 890 752 936 eam
790 872 1141 939 violaturos
1185 894 1336 956 esse,
1377 876 1446 940 ni
1478 898 1548 960 p.
1595 878 1702 956 a.).
2409 868 2413 872 Δ

506 991 809 1158 Pomponi
855 993 950 1057 51·
987 991 1178 1060 Ribb.
1225 991 1437 1079 Mars,
1499 995 1609 1062 tibi
1660 1016 1855 1062 voveo
1894 997 2250 1082 facturum,
2314 1000 2374 1064 si
2425 1020 2726 1085 umquam

669 1115 755 1160 re
822 1095 1041 1163 ierit.

675 1215 976 1279 Fortasse
1011 1214 1139 1281 huc
1173 1216 1450 1303 pertinet
1479 1217 1581 1283 hic
1614 1217 1791 1284 locus
1827 1217 2220 1299 Lucilianus,
2256 1220 2438 1284 cuius
2468 1219 2719 1285 initium

505 1317 705 1381 deest:

414 1518 421 1525 .
501 1436 828 1518 XXVIII,
889 1438 967 1502 18
1010 1436 1230 1505 Muell.
1283 1438 1432 1519 (699
1476 1435 1585 1522 L.)
1641 1439 1741 1503 vel
1794 1442 1853 1504 si
1912 1440 2046 1506 alia
2099 1461 2257 1525 opus
2315 1442 2397 1505 sit
2424 1441 2601 1525 sore,
2666 1447 2725 1508 si

668 1538 813 1603 hine
855 1539 1070 1621 aliquo
1114 1542 1579 1608 cesseris...

555 1658 668 1723 VI.
711 1659 1064 1725 Verbum
1128 1683 1421 1747 regens
1484 1662 1567 1727 in
1641 1662 2042 1747 apodosin
2114 1673 2235 1728 est
2296 1665 2723 1751 insertum3

706 1765 1076 1849 protasis
1122 1774 1584 1831 extremum
1628 1766 1884 1831 locum
1934 1774 2179 1833 tenet.

498 1884 708 1954 Plaut.
754 1885 936 1951 Trin.
977 1886 1104 1951 695
1151 1884 1363 1965 Quia?
1420 1891 1478 1952 te
1519 1886 1883 1953 dictatorem
1933 1905 2142 1951 censes
2165 1884 2346 1969 jore,
2412 1886 2474 1951 si
2515 1885 2624 1951 abs
2663 1890 2721 1950 te

667 2008 894 2074 ayrum
939 1987 1444 2072 acceperim.9¹
1883 2074 1887 2079 ὓ

503 2104 696 2169 Varr.
745 2128 797 2173 r.
842 2129 894 2173 r.
934 2106 1058 2191 ΙΙΙ,
1102 2108 1161 2190 9,
1199 2111 1269 2172 11
1327 2108 1469 2173 Ova
1511 2107 1708 2191 plena
1748 2106 1874 2171 sint
1915 2153 1930 2169 .
1977 2159 1992 2174 .
2039 2127 2245 2189 necne,
2299 2105 2723 2173 animadverti

663 2210 844 2274 aiunt
874 2230 1085 2293 posse,
1126 2210 1185 2275 si
1225 2209 1658 2275 demiseris
1698 2212 1767 2274 in
1810 2216 2059 2294 aquam.

663 2328 806 2393 Uno
860 2329 1055 2415 igitur
1096 2328 1230 2394 loco
1275 2337 1369 2393 est
1410 2328 1767 2394 infinitivus
1804 2329 2028 2412 futuri,
2090 2328 2291 2393 altero
2336 2329 2719 2416 praesentis:

498 2431 606 2495 sed
652 2430 924 2497 verbum
967 2432 1137 2518 quod
1182 2442 1274 2496 est
1306 2452 1501 2516 posse
1542 2432 1735 2496 etiam
1777 2454 1893 2517 pro
1938 2430 2253 2504 infinitivo
2298 2432 2499 2497 futuri
2539 2452 2723 2495 usur-

497 2531 640 2617 pari
682 2543 932 2598 constat
953 2533 1016 2614 ¹).

507 2651 657 2719 VII.
700 2652 873 2719 Uno
918 2652 1093 2718 loco
1139 2653 1526 2739 apodosis
1572 2651 1994 2717 antecedit
2029 2650 2368 2717 verbum
2403 2671 2720 2735 regens3

701 2748 1059 2841 protasis
1088 2765 1543 2819 extremum
1572 2753 1831 2818 locum
1865 2750 1959 2816 ob
1984 2752 2201 2817 tinet.
2236 2751 2600 2819 Infinitivus
2627 2763 2724 2817 est

699 2858 930 2925 futuri.

498 2981 644 3048 Ter.
689 2978 946 3046 Phorm.
992 2978 1117 3043 626
1167 2976 1275 3042 An
1319 2976 1550 3062 leqibus
1586 2973 1914 3040 Daturum
1940 2994 2187 3059 poenas
2222 2974 2407 3057 dices,
2446 2974 2503 3039 si
2542 2973 2721 3040 illam

658 3080 729 3144 ei
745 3100 777 3144 e
791 3103 822 3144 e
839 3100 871 3145 e
884 3100 922 3145 r
934 3080 962 3142 i
975 3078 1040 3143 t?
1228 3083 1229 3086 ’

666 3198 966 3263 Ceterum
1011 3196 1296 3262 dubitari
1330 3203 1563 3280 potest,
1606 3206 1825 3261 utrum
1871 3195 2029 3261 haec
2063 3198 2275 3261 omnia
2310 3196 2605 3283 exempla
2645 3219 2721 3263 re

500 3320 657 3365 vera
685 3309 974 3384 spectent
997 3299 1079 3363 ad
1102 3298 1603 3378 coniunctivum‚
1642 3318 1728 3361 an
1755 3297 2190 3384 compluribus
2228 3300 2293 3362 in
2328 3299 2482 3364 locis
2514 3300 2719 3364 futuri

496 3400 581 3468 ΙΙ.
594 3401 985 3466 indicativus
1008 3401 1091 3464 sit
1113 3397 1576 3484 agnoscendae,
1600 3400 1902 3483 quoniam
1925 3401 2157 3464 scimus
2179 3401 2243 3463 in
2268 3401 2483 3487 prisca
2508 3400 2724 3464 latini-

497 3517 631 3571 tate
660 3506 974 3569 maiorum
998 3504 1193 3569 fuisse
1214 3503 1546 3567 modorum
1567 3501 1884 3567 licentiam
1907 3525 2100 3589 quam
2121 3502 2603 3588 postea.—Aut
2630 3504 2718 3567 in-

499 3609 818 3674 dicativus
860 3618 974 3671 aut
1009 3606 1458 3670 coniunctivus
1491 3627 1607 3690 per
1640 3627 1708 3669 se
1749 3617 2045 3671 constans
2088 3607 2155 3689 (i.
2193 3630 2244 3671 e.
2288 3628 2412 3670 non
2457 3606 2719 3673 effectus

496 3887 664 3935 Plaut.
688 3886 826 3933 Pers.
854 3887 954 3933 296
985 3885 1240 3938 (dicturus
1252 3885 1483 3944 merim).
1519 3882 1596 3931 De
1624 3881 1661 3931 Ο
1678 3883 1696 3929 i
1714 3896 1739 3929 c
1756 3898 1860 3933 ero
1879 3897 1909 3931 n
1932 3885 1989 3930 is
2021 3898 2114 3932 usu
2145 3884 2379 3946 exposuit
2401 3884 2456 3936 F.
2482 3885 2531 3933 H
2549 3899 2674 3947 opp
2691 3902 2717 3934 e

497 3974 645 4023 duob.
699 3973 860 4035 progr.
903 3959 1170 4022 Gnmbinn.
1232 3986 1309 4021 aa.
1369 3974 1517 4022 1875.
1582 3973 1742 4032 18793
1807 3972 1866 4021 de
1930 3972 2259 4026 Caesaris
2324 3976 2519 4023 ratione
2580 3977 2717 4024 conf.

493 4064 991 4122 Dittenbcrger
1027 4060 1196 4110 Herm.
1236 4061 1311 4108 111
1347 4075 1397 4122 p.
1439 4063 1540 4110 375
1578 4073 1685 4121 sqq.

675 4150 714 4225 ¹)
751 4150 902 4210 Conr,
937 4166 980 4199 ο.
1015 4163 1063 4222 g.
1102 4149 1320 4222 Schultz,
1361 4152 1469 4206 Lat,
1510 4149 1729 4203 Gramm.
1766 4150 1805 4212 5.
1845 4152 1948 4200 396
1995 4154 2097 4206 not.
2140 4154 2189 4210 3,
