3116 4790
1571 364 1655 430 42

690 565 753 631 d.
798 571 909 651 qui
947 566 1272 655 particula
1310 566 1489 631 finali
1530 569 1785 636 notione
1827 570 2124 657 praedita
2164 569 2429 656 legitur:

501 667 678 739 Asin.
725 672 847 737 589
889 670 1100 737 Nimis
1150 674 1370 739 vellem
1414 672 1641 739 habere
1676 673 2011 757 perticam.
2054 674 2085 755 ΙΙ
2130 671 2293 752 Quoi
2338 671 2482 738 rei?
2524 674 2557 757 ΙΙ
2600 673 2726 754 Qui

666 773 1063 838 verberarem
1088 772 1350 857 Asinos,
1389 774 1449 839 si
1470 773 1655 858 forte
1698 774 2122 859 occeperint
2163 775 2439 841 clamare
2471 777 2614 841 hinc
2644 797 2722 841 ecc

667 892 974 941 crumina.

1568 1057 1656 1112 11.

669 1162 1032 1249 Apodoseos
1075 1165 1347 1230 verbum
1384 1174 1480 1230 est
1521 1174 1544 1231 i
1561 1188 1604 1229 n
1621 1165 1682 1228 fi
1697 1165 1777 1228 ni
1796 1173 1821 1228 t
1839 1173 1920 1232 iv
1935 1187 1978 1229 u
1995 1187 2040 1230 s,

608 1284 659 1351 1.
704 1285 1090 1350 Protasis
1117 1322 1195 1332 —
1229 1286 1615 1369 apodosis
1643 1326 1724 1337 —-
1752 1288 2277 1352 enuntiatum
2320 1309 2639 1373 regenne.

499 1402 660 1470 Fab.
706 1403 866 1469 Pict.
895 1404 944 1485 ¹)
985 1406 1117 1491 (ap.
1161 1404 1325 1470 Gell.
1369 1405 1458 1486 X,
1503 1406 1604 1489 15,
1648 1406 1753 1486 10)
1812 1409 1872 1472 si
1927 1409 2071 1492 quis
2126 1408 2211 1475 ad
2266 1409 2727 1476 verberandum

666 1506 957 1590 ducatur,
997 1508 1057 1571 si
1092 1507 1176 1573 ad
1203 1508 1400 1593 pedes
1429 1509 1564 1573 eius
1599 1509 1870 1595 supplem
1897 1510 2479 1595 procubuerit,
2527 1531 2595 1576 eo
2624 1511 2726 1577 die

662 1609 991 1675 verberari
1022 1612 1356 1695 piaculum
1397 1616 1504 1678 est.

580 1729 666 1796 11.
707 1730 1086 1795 Protasis
1122 1741 1245 1795 est
1279 1732 1610 1797 inclusa
1645 1733 1723 1796 in
1758 1732 2139 1818 apoduei5
2192 1734 2723 1798 enuntiatum

707 1853 1003 1916 regens
1046 1842 1466 1919 postremo
1510 1837 1867 1921 positum
1912 1845 2053 1901 est.

504 1948 669 2013 Fab.
713 1950 874 2017 Piet.
919 1953 1055 2038 (ap.
1106 1952 1270 2018 Gell.
1313 1954 1402 2035 X,
1448 1953 1549 2034 15,
1574 1954 1641 2029 8)
1700 1952 2006 2038 Vinctum,
2066 1955 2124 2019 si
2179 1953 2364 2019 aedes
2423 1955 2560 2020 eius
2600 1954 2717 2019 in·

671 2053 1050 2137 troierit,
1092 2055 1254 2121 solvi
1293 2051 1612 2121 necessum
1657 2060 1760 2121 est.

539 2170 661 2238 111.
708 2172 984 2241 Enunt.
1054 2197 1326 2262 regens
1389 2177 1805 2260 antecedit3
1872 2177 2207 2263 protasis
2272 2178 2345 2241 in
2406 2177 2718 2264 apodosi

708 2276 1034 2342 inclusa:

495 2394 687 2460 Varr.
729 2420 780 2464 r.
826 2420 876 2462 r.
925 2398 984 2481 2,
1015 2397 1054 2462 5
1099 2397 1205 2463 De
1246 2399 1469 2482 quibus
1511 2399 1959 2466 admirandum
1992 2400 2298 2483 scriptum
2333 2398 2570 2480 inveni,
2614 2418 2716 2463 ex·

665 2500 844 2563 emtis
886 2501 1203 2582 testiculis,
1244 2503 1303 2565 si
1343 2502 1555 2566 statim
1599 2501 2033 2584 admiseris,
2074 2503 2414 2585 concipere.

496 2618 968 2686 1111.‘Enunt.
1016 2622 1735 2708 regens—protasis
1757 2658 1832 2667 -
1851 2618 2297 2704 apodosis²):

493 2740 704 2809 Plaut.
746 2741 924 2811 Trin.
961 2743 1075 2807 891
1127 2740 1330 2821 Quasi
1358 2742 1552 2825 dicae,
1593 2744 1652 2807 si
1689 2740 1841 2826 quid
1876 2740 2322 2807 crediderim
2365 2740 2497 2824 tibi,
2538 2739 2710 2825 ‘pax'

651 2842 929 2926 periisse
978 2843 1141 2909 ilico.

493 2945 639 3012 Ter.
685 2946 888 3014 Andr.
938 2947 1052 3012 341
1107 2945 1306 3026 Quem
1341 2967 1446 3032 eqo
1487 2966 1654 3010 nunc
1698 2943 1902 3024 credo,
1945 2941 2003 3007 si
2042 2943 2175 3008 iam
2219 2941 2557 3008 audierit
2596 2941 2716 3008 sibi

649 3052 928 3133 paratas
984 3049 1241 3132 nuptias
1284 3097 1300 3115 .
1349 3097 1363 3112 .
1410 3098 1424 3114 .
1468 3051 1589 3111 toto
1647 3066 1744 3111 me
1785 3046 2014 3131 oppido
2058 3048 2487 3114 exanimatum
2528 3064 2716 3131 quae·

656 3171 801 3217 rere
817 3151 893 3235 ³).

492 3250 682 3318 Lucr.
726 3252 781 3335 Ι,
826 3253 947 3317 799
993 3249 1162 3330 Quin
1195 3252 1413 3335 potius
1448 3251 1564 3315 tali
1606 3254 1842 3317 natura
1874 3249 2178 3335 praedita
2212 3248 2525 3334 quaedam
2570 3247 2716 3315 Cor·

647 3374 820 3437 pora
863 3353 1224 3433 constituae,
1281 3351 1483 3436 ionem
1525 3354 1584 3416 si
1605 3353 1787 3436 forte
1829 3352 2194 3435 crearint,
2256 3351 2458 3417 Posse
2500 3352 2715 3418 eadem

667 3628 714 3685 ¹)
752 3629 878 3678 Sane
922 3635 1096 3675 notum
1149 3635 1225 3675 est
1274 3629 1523 3677 Pictorem
1574 3632 1726 3679 libros
1780 3643 1898 3679 euos
1949 3643 2119 3689 graece
2179 3631 2566 3690 conscripsisse3
2627 3628 2715 3676 sed

494 3718 722 3766 exstabat
759 3718 906 3765 etiam
943 3716 1243 3778 perantiqua
1277 3719 1629 3778 interpretatio
1669 3718 1866 3768 Latina.
1931 3716 2107 3775 Quare,
2149 3731 2209 3766 ne
2236 3717 2354 3778 quid
2385 3716 2712 3775 desideretur,

490 3804 585 3855 hoc
622 3806 903 3865 exemplum
942 3803 1127 3851 adfero.

662 3891 710 3949 2)
748 3893 822 3940 De
857 3893 1036 3940 Bacch.
1076 3909 1121 3940 v.
1161 3895 1258 3940 699
1301 3909 1344 3941 v.
1388 3906 1542 3953 supra
1577 3906 1624 3952 p.
1665 3895 1746 3940 39.

665 3978 711 4039 ⁸)
750 3979 1031 4028 Notandum
1082 3985 1249 4028 tamen
1302 3986 1377 4027 est
1428 3978 1703 4041 apodoseos
1754 3981 2096 4031 accusativum
2135 3981 2472 4029 subiectivum
2512 3980 2712 4039 (Quem)

489 4071 648 4114 totum
688 4068 950 4116 verborum
987 4067 1228 4118 ambitum
1269 4067 1561 4118 antecedere
1596 4077 1799 4130 propter
1826 4068 2083 4119 relativam
2112 4081 2259 4136 quam
2284 4069 2537 4137 appellant
2558 4079 2711 4134 copu-

486 4156 743 4210 lationem.
