3116 4790
1456 322 1541 388 83

1419 637 1474 715 §-
1521 633 1579 700 5.

591 754 716 810 Gur
750 753 950 824 prisci
985 753 1329 823 scriptores
1366 752 1636 823 perfecti
1672 751 1852 808 modo
1889 750 2225 821 potentiali
2260 765 2410 808 raro

1351 842 1453 899 usi
1492 842 1639 897 sint.

556 947 898 1033 Reliquum
959 957 1054 1011 est
1110 957 1185 1011 ut
1242 968 1627 1033 quaeramus
1684 968 1801 1010 cur
1852 944 2105 1010 omnino
2150 944 2322 1029 apud
2368 946 2607 1029 priscos

391 1052 727 1136 scriptores
803 1070 930 1114 non
1004 1049 1189 1114 modo
1251 1048 1608 1135 pleniorum
1673 1049 2045 1128 formarum,
2120 1067 2347 1112 verum
2414 1049 2608 1111 etiam

392 1153 761 1219 breviorum
825 1173 979 1216 usus
1049 1151 1410 1237 potentialis
1480 1161 1616 1215 tam
1684 1151 1972 1235 angustis
2032 1146 2270 1214 finibus
2341 1151 2610 1216 circum-

392 1255 667 1339 scriptus
733 1255 838 1336 sit,
912 1255 1285 1339 praesertim
1348 1275 1495 1318 cum
1560 1254 1626 1316 in
1692 1251 1833 1316 aliis
1894 1251 2253 1335 structuris,
2331 1255 2610 1320 maxime

389 1357 456 1420 in
496 1358 795 1439 vetando,
841 1357 912 1422 in
945 1357 1248 1442 optand0,
1292 1357 1358 1419 in
1386 1355 1675 1421 oratione
1707 1354 1969 1441 obliqua
2003 1352 2331 1421 breviores
2368 1353 2609 1422 formae

390 1461 546 1525 satis
583 1459 947 1545 frequenter
984 1459 1108 1522 sint
1142 1467 1514 1544 usurpatae.
1579 1457 1731 1536 Qua
1773 1457 1839 1521 in
1880 1477 1951 1520 re
1993 1477 2148 1520 sane
2190 1457 2336 1520 miri
2363 1456 2606 1544 aliquid

394 1561 599 1626 inesse
643 1560 920 1643 videtur,
990 1562 1290 1647 quoniam
1351 1582 1495 1626 cum
1546 1560 1812 1645 propria
1863 1557 2177 1623 sibilantis
2218 1558 2459 1624 formae
2500 1583 2608 1625 na-

393 1671 545 1727 tura
590 1661 952 1746 potentialis
993 1662 1163 1727 modi
1202 1663 1366 1726 ratio
1403 1660 1508 1728 vel
1540 1662 1820 1725 maxime
1855 1661 2170 1745 congruit.
2236 1660 2360 1725 Sed
2398 1666 2607 1730 nescio

395 1784 478 1826 an
538 1763 724 1830 huius
781 1766 875 1829 rei
935 1784 1134 1828 causa
1186 1764 1395 1848 posita
1437 1763 1520 1826 sit
1558 1764 1625 1826 in
1669 1762 1933 1847 propria
1974 1762 2171 1847 prisci
2213 1772 2277 1826 et
2317 1764 2608 1850 vulgaris

392 1867 695 1932 sermonis
755 1866 1021 1932 ratione.
1115 1866 1284 1930 Nam
1343 1886 1489 1929 cum
1549 1863 1967 1929 Ciceroniana
2023 1872 2237 1927 aetate
2294 1871 2609 1933 communi

392 1970 985 2054 grammaticorum,
1040 1977 1388 2050 oratorum,
1436 1967 1889 2031 historicorum
1931 1987 2125 2050 opera
2168 1989 2372 2032 sermo
2416 1969 2610 2035 urba-

392 2095 512 2138 nus
573 2072 656 2136 ad
701 2071 935 2136 Graeci
995 2071 1389 2155 potissimum
1444 2070 1750 2134 sermonis
1793 2066 2154 2153 exemplum
2199 2067 2608 2154 effingeretur

394 2184 455 2238 et
514 2173 597 2237 ad
654 2175 954 2237 maiorem
1000 2171 1423 2237 subtilitatem
1476 2172 1955 2258 perduceretur,
2029 2180 2105 2235 ut
2149 2172 2428 2238 universi
2469 2196 2609 2239 con-

396 2276 686 2358 iunctivi‚
729 2277 818 2339 sic
860 2274 1219 2360 potentialis
1266 2275 1436 2340 modi
1477 2296 1633 2339 usus
1675 2273 1867 2337 latius
1911 2273 1976 2336 in
2020 2273 2154 2337 dies
2196 2275 2605 2361 propagaba-

397 2387 522 2443 tur.
624 2377 863 2443 Oontra
914 2379 1174 2444 nativus
1233 2377 1657 2464 antiquissimi
1714 2375 2017 2440 sermonis
2082 2376 2268 2461 vigor
2327 2379 2607 2445 nondum

394 2490 570 2545 tanto
629 2501 820 2565 opere
862 2478 1215 2544 inclinabat
1257 2480 1325 2544 in
1369 2479 1545 2544 illam
1583 2476 1991 2544 artificiosam
2025 2478 2427 2563 elegantiam,
2470 2505 2609 2548 nec-

396 2581 548 2646 dum
592 2582 786 2667 prisci
827 2582 1120 2665 Romani‚
1165 2603 1289 2668 quo
1336 2591 1520 2647 erant
1564 2581 1772 2645 animo
1820 2588 2040 2665 aperto
2086 2591 2149 2644 et
2180 2582 2476 2665 ingenue,
2535 2606 2611 2649 ea

396 2704 562 2770 quae
591 2684 742 2768 ipsis
776 2683 1290 2769 exploratissima
1321 2694 1527 2765 erant,
1562 2683 1941 2747 modestiore
1969 2683 2250 2768 quadam
2280 2684 2609 2751 iudicandi

394 2788 600 2871 specie
643 2788 826 2873 quasi
869 2786 1215 2852 obvolvere
1259 2785 1624 2851 studebant.
1668 2784 1890 2863 Quare
1934 2810 1995 2851 v,
2038 2807 2092 2852 c.
2140 2784 2299 2864 Quis
2337 2786 2612 2855 dubitat?

395 2900 511 2974 pro
571 2910 642 2953 eo
700 2888 870 2975 quod
931 2898 1024 2952 est
1077 2908 1250 2952 nemo
1293 2888 1529 2953 dubitat
1571 2888 1811 2952 dixisse
1853 2888 2009 2951 satis
2053 2886 2400 2971 habebant,
2465 2911 2611 2953 cum

397 2990 616 3056 Cicero
661 2988 1005 3075 aliquando
1052 2999 1247 3055 aucta
1291 2991 1643 3055 sententiae
1678 2992 1747 3055 vi
1790 2990 2073 3054 oratoria
2109 2989 2279 3055 hunc
2314 2990 2610 3077 loquendi

395 3094 651 3158 modum
680 3093 1062 3177 praeferret:
1108 3091 1265 3171 Quis
1301 3091 1569 3157 dubitet?
1602 3091 1810 3177 (velut
1852 3092 1912 3158 d.
1958 3113 2048 3156 or.
2091 3092 2146 3174 Ι,
2190 3093 2256 3175 2,
2278 3096 2335 3176 7,
2378 3097 2605 3180 parad.

394 3198 456 3278 6,
491 3197 577 3278 2.)
656 3197 868 3282 Atque
908 3228 987 3241 --
1024 3193 1521 3259 condicionalem
1567 3194 1909 3258 dictionem
1952 3194 2006 3256 si
2048 3196 2373 3280 exceperis
2415 3234 2491 3247 —
2530 3221 2611 3264 ne

395 3299 821 3385 praesentis
868 3297 1129 3383 quidem
1163 3296 1525 3382 potentialis
1553 3296 1654 3359 ‘ita
1691 3295 1881 3361 valde
1909 3295 2350 3382 frequentatus
2389 3311 2483 3365 est
2526 3300 2610 3365 ab

396 3400 847 3486 antiquissimis
902 3397 1338 3484 scriptoribus.
1436 3397 1568 3476 Qui
1618 3398 1861 3481 moduS‚
1931 3421 2076 3464 cum
2120 3401 2187 3465 in
2232 3401 2610 3467 absolutis

396 3503 743 3566 enuntiatis
795 3502 1096 3582 occurrit,
1167 3499 1541 3585 plerumque
1596 3508 1840 3585 spectat
1882 3499 1965 3563 ad
2008 3502 2086 3564 in
2105 3523 2141 3566 e
2160 3524 2194 3566 e
2211 3511 2345 3567 rtu
2362 3525 2426 3566 m
2466 3503 2610 3569 sub-

394 3606 646 3687 iectum,
689 3625 836 3668 raro
886 3604 968 3668 ad
1014 3625 1049 3668 c
1066 3625 1147 3667 er
1171 3613 1252 3667 ta
1269 3624 1333 3665 m
1376 3601 1655 3688 aliquam
1699 3624 2052 3688 personam.

397 3856 482 3904 des
519 3856 738 3905 Genetzes
775 3856 848 3912 (in
884 3870 941 3905 eo
980 3857 1113 3903 enim
1151 3868 1331 3916 genere
1367 3856 1661 3917 plerumque
1697 3856 1921 3902 futurum
1958 3868 2044 3915 per
2083 3871 2131 3902 -s
2166 3856 2334 3905 fictum
2385 3858 2612 3918 ponitur)

392 3943 597 4004 fordert
632 3944 758 3991 auch
794 3958 895 3992 nur
930 3944 1012 3993 die
1050 3945 1335 4007 beyrifflich
1373 3944 1655 3993 vollendete
1677 3943 1951 3992 Thatsache
1988 3946 2064 3992 als
2092 3944 2416 4006 Geyenstand
2452 3950 2612 3996 seiner

398 4032 826 4093 Bestimmunyen,
866 4030 949 4080 die
976 4032 1346 4093 Redinyunyen
1365 4032 1450 4081 des
1489 4031 1754 4081 zeitlichen
1777 4031 2063 4079 Elati-eteris
2082 4031 2203 4079 sind
2224 4034 2384 4095 volliy
2407 4038 2614 4083 neutral

395 4119 507 4168 und
542 4120 817 4174 irrelevant
848 4120 940 4180 fiir
976 4121 1076 4170 den
1110 4120 1445 4191 Standpunkt
1482 4120 1565 4168 des
1600 4120 1959 4190 Genetzqebers.
