3116 4790
1438 388 1520 457 13

358 583 550 651 Stich
600 587 715 650 191
766 589 826 649 ei
864 586 1070 653 hercle
1102 591 1291 655 verbo
1335 593 1572 661 lambos
1614 596 1932 679 defractos
1972 621 2049 666 ve
2065 603 2191 693 lim.
2263 603 2439 689 [nam
2484 628 2589 720 090

528 705 666 751 mom
702 687 926 769 quovis
966 708 1133 754 mine
1158 691 1399 776 piynas
1441 697 1509 758 in
1547 717 1763 762 cenam
1801 699 1997 782 daim]
2036 704 2105 767 ni
2134 709 2406 788 perierit
2446 709 2593 774 nive

527 789 644 852 iste
688 792 1023 854 cenassit
1062 791 1248 856 domi.

611 891 678 953 ni
731 912 891 956 vere
923 894 1192 975 perle‘r-it
1243 897 1301 959 si
1343 898 1432 979 B3
1502 922 1759 964 versum
1820 905 1999 968 uncis
2063 906 2380 972 inclusum
2437 932 2587 995 sup-

525 989 729 1075 plevit
771 992 1120 1060 Luebbert.

526 1089 670 1155 nive
704 1090 826 1156 iste
868 1095 1135 1158 cenassit
1178 1095 1235 1164 h.
1277 1095 1317 1165 l
1364 1107 1458 1161 est
1500 1122 1651 1183 pro.
1698 1103 1839 1168 nive
1880 1106 1996 1169 iste
2040 1112 2379 1175 cenaturus
2415 1115 2585 1190 sit1).

356 1188 551 1254 Hanc
593 1191 1122 1276 significationem
1175 1219 1319 1260 cum
1366 1195 1677 1281 pleniores
1724 1213 1858 1267 tum
1900 1206 2209 1292 imprimis
2253 1210 2582 1279 breviores

354 1291 453 1353 f01
457 1313 597 1356 mae
639 1314 830 1378 saepe
871 1295 1183 1362 exhibent
1233 1298 1300 1362 in
1343 1302 1541 1366 variis
1588 1306 1933 1369 enuntiatis
1976 1309 2393 1378 secundariis,
2476 1314 2590 1377 At-

355 1415 480 1478 que
535 1394 695 1459 adeo
753 1417 942 1460 rarus
1008 1408 1103 1461 est
1153 1399 1217 1461 in
1263 1401 1474 1484 prisca
1516 1403 1840 1471 latinitate
1892 1408 2095 1474 futuri
2138 1415 2585 1481 coniunctivus

356 1516 471 1577 per
513 1496 926 1580 participium
970 1499 1037 1560 in
1079 1502 1290 1564 -taras
1335 1510 1398 1564 et
1432 1503 1703 1568 verbum
1739 1507 2218 1576 substantivum
2253 1519 2587 1598 formatus,

356 1606 431 1659 ut
475 1598 608 1660 eius
652 1600 1040 1665 coniunctivi
1084 1601 1365 1667 officium
1407 1605 1589 1670 initio
1634 1606 1824 1690 plane
1867 1611 2274 1679 coniunctivo
2312 1616 2584 1698 perfecti

362 1699 740 1780 praestitum
786 1722 921 1765 esse
965 1700 1265 1787 colligere
1308 1706 1509 1789 possis
1531 1705 1602 1783 2).

537 1799 599 1866 b.
646 1799 984 1866 Enuntiati
1012 1806 1304 1887 primarii
1340 1807 1612 1872 verbum
1648 1808 1906 1875 aliunde
1934 1821 2028 1876 est
2052 1835 2427 1898 suspensum
2473 1818 2584 1897 ita,

646 1910 721 1964 ut
763 1913 880 1966 aut
923 1905 1414 1973 coniunctivo
1469 1910 1655 1974 modo
1708 1920 1825 1975 aut
1867 1934 1981 1995 per
2024 1914 2502 1982 infinitivum
2533 1917 2579 1994 3)

650 2001 983 2066 efferatur:

416 2121 477 2161 α.
521 2101 966 2167 coniunctivus
1011 2103 1275 2189 legitur.

502 2201 557 2264 1.
600 2210 844 2285 protasi
884 2205 1337 2318 praecedente.

349 2298 539 2366 Poen.
592 2300 668 2382 V,
712 2302 773 2382 4,
805 2304 886 2367 52
942 2303 1010 2366 id
1067 2324 1172 2390 090
1230 2306 1357 2370 nisi
1417 2309 1570 2389 qaid
1630 2311 1696 2374 di
1752 2256 1863 2378 aiii
1908 2320 2211 2397 parentes
2246 2317 2577 2402 faxint,

516 2401 671 2485 qaid
709 2424 957 2488 sperem
996 2406 1171 2472 haud
1211 2409 1357 2472 seio.

348 2501 515 2568 Rud.
563 2504 728 2570 1345
781 2507 842 2570 si
891 2506 1461 2591 defraudassis‚
1524 2511 1625 2575 die
1684 2517 1754 2576 ut
1810 2564 1825 2580 .
1888 2567 1901 2581 .
1965 2564 1979 2581 .
2038 2514 2243 2580 Venus
2301 2518 2573 2581 eradicet

515 2610 705 2688 eaput
746 2611 932 2690 atque
978 2614 1244 2674 aetatem
1288 2615 1483 2675 taam.

504 2712 561 2770 2.
605 2709 851 2790 protasi
892 2707 1115 2774 ultimo
1161 2712 1296 2775 loco
1340 2713 1581 2796 posita:

349 2805 577 2870 Pseud.
626 2808 781 2871 1021
835 2808 1167 2894 Nimisque
1210 2832 1314 2896 090
1354 2814 1550 2879 illunc
1594 2811 1902 2876 hominem
1943 2819 2150 2878 metuo
2196 2821 2252 2879 et
2277 2816 2569 2897 formido

511 2908 698 3020 male,
745 2929 822 2972 ne
854 2911 923 2973 in
957 2930 1030 2975 re
1068 2912 1341 2978 secunda
1373 2934 1538 2979 nane
1574 2920 1662 2978 mi
1697 2917 1975 2982 obvortat
2012 2921 2243 2999 omnia,
2290 2918 2362 2983 Si
2399 2940 2570 2984 ocea-

512 3008 749 3072 sionem
792 3012 1054 3094 eapsit

401 3112 462 3188 β.
508 3108 858 3193 apodoseos
901 3112 1172 3176 verbum
1218 3122 1313 3176 est
1354 3113 1831 3180 infinitivus:

495 3210 550 3271 1.
596 3212 844 3292 protasi
887 3212 1091 3295 primo
1135 3210 1272 3277 loco
1316 3214 1562 3297 posita:

344 3308 577 3393 Amph.
621 3311 705 3375 69
750 3332 899 3377 nam
943 3314 1001 3376 si
1044 3333 1154 3396 qui
1185 3313 1476 3396 palmam
1525 3317 1921 3382 ambissint
1960 3319 2393 3405 histrien-ihm,
2458 3344 2567 3389 sea

508 3416 620 3496 qui
640 3413 779 3497 ipse
808 3415 1152 3480 ambissit
1179 3468 1192 3483 .
1313 3417 1623 3501 sirempse
1650 3418 1837 3502 leyem
1866 3419 2053 3484 iussit
2082 3442 2214 3486 esse
2244 3422 2569 3507 Juppiter.

341 3512 489 3579 Aul.
534 3516 656 3579 228
704 3535 866 3581 nane
907 3518 966 3580 si
991 3518 1210 3600 filiam
1256 3520 1605 3585 loeassim
1650 3540 1873 3603 meam,
1916 3522 2025 3588 tibi
2057 3523 2128 3587 in
2162 3530 2421 3587 mentem
2463 3547 2567 3589 ve-

498 3618 600 3679 -nit
643 3616 733 3681 Te
775 3619 988 3683 bovem
1032 3640 1164 3684 esse
1207 3624 1265 3684 et
1304 3640 1402 3685 me
1443 3640 1580 3685 esse
1621 3621 1903 3689 asellum.

516 3792 556 3852 ¹)
592 3796 780 3845 Eadem
805 3799 946 3846 notio
985 3803 1168 3860 manet,
1205 3801 1250 3847 si
1288 3812 1400 3846 cnm
1439 3799 1648 3848 Goetzio
1685 3800 1777 3845 hoc
1811 3802 2093 3860 praeferas:
2138 3802 2203 3848 Ei
2226 3801 2388 3849 hercle
2413 3803 2566 3851 verbo

337 3878 537 3928 lumbos
574 3881 838 3943 diffractos
872 3888 1044 3940 velim.
1083 3888 1153 3935 Ne
1186 3887 1534 3947 peria-averit,
1572 3888 1620 3934 si
1653 3889 1870 3934 cenassit
1904 3886 2061 3934 domi.

511 3964 559 4028 2)
597 3969 788 4020 Luebb.
831 3985 881 4031 p.
920 3976 1020 4030 523
1062 3975 1196 4022 cons.
1232 3973 1398 4021 Madv.
1438 3974 1473 4021 l.
1513 3986 1552 4021 s,
1591 3987 1629 4019 s.
1667 3986 1714 4032 p.
1759 3975 1853 4018 103
1890 3987 1966 4036 sq.

505 4051 549 4111 ⁸)
586 4056 878 4114 Ambigitur
905 4058 968 4105 do
995 4058 1134 4109 Trin.
1173 4075 1221 4108 V.
1260 4062 1378 4108 722.
1416 4059 1721 4107 Hermann-z
1759 4062 1819 4106 in
1853 4062 2093 4118 saginam
2128 4063 2175 4109 si
2210 4076 2324 4109 erus
2359 4077 2408 4109 se
2443 4075 2565 4109 con-

334 4142 463 4188 ieaeit
496 4154 653 4198 meus,
709 4143 856 4193 credo
895 4180 907 4194 .
948 4179 959 4192 .
1000 4150 1123 4197 fore.
1186 4148 1380 4196 thschl
1419 4151 1471 4196 in
1510 4150 1679 4211 priore
1717 4148 1827 4196 ed.:
1881 4162 2051 4211 quom,
2087 4151 2139 4196 in
2179 4152 2364 4199 altera·
2417 4153 2465 4199 si
2500 4153 2564 4209 (v.

335 4225 530 4276 Lnebb.
565 4242 616 4291 p.
653 4232 756 4291 83).
