3116 4790
1593 341 1669 404 76

528 563 667 605 rum
712 563 867 623 esse,
930 541 997 605 id
1042 539 1283 605 Demea
1327 552 1542 607 nostro
1587 563 1777 608 versu
1820 540 2187 627 significare
2231 539 2390 606 vult.
2474 538 2737 626 Duplex
2790 579 2797 588 ·

528 641 725 725 igitur
783 641 953 707 notio
1016 641 1470 728 praeteriti
1530 654 1592 707 et
1646 643 1918 708 futuri
1982 639 2539 729 ’comprehenditur
2609 663 2736 706 uno

528 744 724 811 verbo
781 748 985 809 ortam
1039 745 1137 811 sit.
1220 744 1551 810 Accedunt
1604 744 1803 830 igitur
1859 744 2019 808 haec
2081 743 2207 809 duo
2267 744 2557 830 exempla
2621 743 2741 807 Te-

528 847 824 910 rentiana
879 866 1077 933 prope
1129 847 1212 911 ad
1273 846 1748 912 similitudinem
1808 846 2195 914 coniunctivi
2244 848 2354 933 qui
2397 856 2493 912 est
2533 851 2738 912 aetam

527 949 611 1014 sit
630 949 675 1028 ¹)
720 948 947 1032 (Haut.
990 950 1149 1032 4563
1192 950 1354 1017 conf.
1399 971 1598 1037 supra
1640 973 1699 1036 p.
1743 951 1841 1016 15.
1888 950 2039 1033 20).

695 1051 862 1116 Sane
916 1052 985 1116 in
1045 1052 1256 1119 activo
1316 1075 1548 1138 genere
1607 1053 1871 1139 perfecti
1927 1053 2326 1139 praesentiae
2382 1050 2741 1137 potentialis

532 1153 772 1236 positus
815 1174 949 1217 esse
989 1174 1113 1218 non
1157 1153 1445 1220 videtur:
1506 1156 1657 1221 vide
1699 1177 1897 1241 supra
1937 1180 1999 1242 p.
2047 1157 2124 1220 16
2169 1178 2301 1242 sqq.
2386 1154 2510 1220 Sed
2555 1176 2738 1240 pas-

530 1253 691 1318 sivi
749 1253 1009 1339 perfecti
1069 1256 1515 1323 coniunctivus
1570 1257 1821 1323 facilius
1879 1279 2070 1346 quam
2130 1259 2399 1324 activi
2456 1259 2524 1324 in
2569 1257 2739 1321 hunc
2827 1344 2832 1351 ·

530 1356 786 1421 modum
822 1359 1123 1444 usurpari
1159 1360 1388 1444 potuit,
1430 1360 1583 1445 quia
1617 1361 1684 1425 in
1715 1361 1919 1425 forma
1958 1385 2019 1428 v.
2056 1382 2109 1424 c.
2143 1359 2329 1442 fiaeus
2363 1359 2483 1423 sim
2525 1380 2743 1445 prae-

529 1459 767 1522 sentis
824 1469 1061 1524 natura
1117 1471 1341 1546 aperte
1403 1482 1706 1546 expressa
1750 1471 1845 1526 est
1888 1462 2106 1527 addito
2156 1462 2556 1527 coniunctivo
2600 1461 2741 1527 sim.

532 1559 821 1641 Accedit,
864 1560 1032 1647 quod
1075 1561 1486 1647 participium
1528 1562 1596 1624 in
1637 1567 1761 1627 -tus
1802 1567 1963 1644 (408,
2004 1585 2101 1648 gr.
2144 1567 2313 1642 -τος)
2334 1562 2389 1646 2)
2429 1564 2491 1626 in
2528 1562 2741 1649 prisca

530 1663 849 1728 latinitate
913 1663 1191 1730 nondum
1255 1663 1446 1750 plane
1505 1665 1849 1729 transierat
1905 1666 1970 1728 in
2029 1665 2360 1750 praeteriti
2419 1673 2740 1731 naturam.

531 1769 675 1834 Hoc
736 1769 903 1834 enim
959 1768 1366 1854 participium
1424 1768 1604 1831 initio
1660 1768 1823 1832 inter
1875 1786 2183 1850 praesens
2237 1771 2293 1830 et
2324 1767 2744 1850 praeteritam

533 1871 803 1938 mediam
824 1871 1067 1954 faisse,
1119 1871 1309 1956 liquet
1352 1890 1431 1934 ex
1472 1879 1775 1959 operatus
1820 1872 1875 1933 et
1914 1869 2202 1950 feriatus,
2244 1887 2405 1952 quae
2440 1887 2743 1954 praesen-

532 1975 689 2040 tiam
733 1976 928 2039 locam
973 1974 1236 2038 obtinent
1254 1973 1324 2057 ³).

700 2077 942 2141 Eodem
983 2078 1282 2162 pertinet,
1338 2075 1507 2163 quod
1550 2074 1970 2160 antiquissimi
2012 2093 2460 2159 saepenumero
2507 2073 2744 2137 formas

517 2179 636 2262 fia·
674 2178 948 2262 siceram
985 2177 1188 2260 fitero
1230 2200 1345 2264 pro
1390 2196 1530 2242 sam
1574 2195 1747 2242 eram
1793 2198 1897 2242 ero
1940 2198 2086 2241 cum
2129 2177 2467 2263 participio
2509 2177 2577 2243 in
2620 2181 2744 2242 -tas

531 2280 981 2348 consociabant
997 2281 1066 2360 ⁴).

683 2385 742 2453 3.
785 2384 1044 2449 Incerta
1086 2393 1181 2449 est
1220 2384 1383 2449 ratio
1429 2382 1621 2449 huius
1664 2381 1786 2448 loci
1830 2380 2246 2448 Varroniani:
2299 2379 2427 2445 Sat.
2470 2379 2635 2447 Men.
2681 2403 2743 2465 p.

781 2488 926 2571 222,
954 2486 994 2552 3
1020 2486 1079 2549 R
1118 2484 1200 2551 In
1235 2486 1483 2551 charteo
1511 2484 1717 2549 stadio
1754 2478 2107 2570 ἐπιτάφιον
2139 2504 2257 2569 ayo
2288 2470 2525 2566 ἀγῶνα,
2560 2501 2749 2566 quom

781 2590 892 2673 qai
934 2587 1223 2653 certassit
1263 2586 1495 2667 animm,
1539 2586 1733 2651 bellas
1775 2586 1973 2667 homo,
2016 2591 2218 2670 mayis
2246 2583 2574 2650 delectatas
2613 2582 2745 2665 [sit]

781 2690 1129 2757 Stoicorum
1162 2690 1526 2774 pancratiO,
1572 2707 1760 2772 qaam
1802 2688 2194 2754 athletarum.

698 2814 820 2877 qao
861 2793 1005 2877 qais
1045 2793 1258 2875 codd.;
1303 2812 1487 2876 quom
1527 2791 1638 2875 qui
1679 2791 1903 2875 Riese3
1943 2810 2064 2873 qao
2103 2791 2212 2873 qai
2249 2842 2263 2856 .
2305 2840 2319 2855 .
2358 2835 2373 2853 .
2411 2787 2748 2853 delectatur

533 2895 835 2978 Gerlach,
879 2896 961 2959 sit
1001 2893 1324 2981 supplevit
1357 2893 1626 2959 Vahlen.
1697 2894 2020 2960 Luebbert
2061 2893 2111 2959 I.
2155 2916 2217 2979 p.
2250 2893 2334 2959 53
2364 2891 2587 2957 vertit:
2635 2888 2751 2956 Da

713 3107 752 3165 1)
785 3108 955 3155 Etiam
994 3107 1448 3156 indicativus
1485 3112 1680 3162 (aetum
1716 3112 1809 3162 est)
1844 3107 2035 3156 adrem
2074 3108 2380 3155 futuram
2418 3110 2610 3168 spectat
2634 3105 2749 3153 Ter.

533 3197 662 3245 Eun.
700 3197 795 3244 717
836 3195 1023 3244 Actum
1058 3202 1148 3256 est,
1186 3200 1233 3245 si
1271 3196 1474 3258 quidem
1510 3200 1571 3244 tu
1605 3208 1683 3244 me
1717 3196 1800 3242 hic
1838 3198 2011 3252 etiam,
2046 3194 2249 3250 nebulo,
2286 3193 2628 3255 ludificabere.

706 3282 749 3341 ²)
788 3284 924 3333 Conf.
964 3301 1001 3332 e.
1031 3300 1077 3345 g.
1122 3285 1253 3333 Ioll
1273 3301 1332 3348 y,
1372 3288 1479 3333 Zur
1505 3286 1662 3333 Lehre
1700 3298 1820 3333 vom
1855 3285 2107 3342 Partieip.
2146 3286 2225 3337 (in
2255 3282 2757 3344 ‘Spraehwiuemch.

534 3373 787 3421 Abhandl.
827 3387 923 3421 aus
962 3374 1018 3423 G.
1061 3374 1282 3422 Curtius’
1319 3375 1546 3423 Gramm.
1590 3374 1715 3422 Ges!
1755 3373 1892 3433 Lips.
1938 3372 2089 3431 1874)
2125 3384 2171 3431 p.
2212 3372 2272 3418 75
2310 3384 2381 3432 sq.
2422 3371 2485 3417 78
2522 3381 2629 3429 sqq.
2667 3370 2751 3418 86.

709 3459 757 3519 ⁸)
793 3459 998 3520 Madvig
1035 3461 1069 3508 l.
1105 3475 1144 3511 S.
1185 3476 1224 3510 s.
1252 3477 1300 3524 p.
1349 3466 1460 3511 107.

706 3545 758 3608 4)
795 3547 1040 3612 Exempla
1091 3551 1294 3612 praebet
1342 3549 1520 3598 Neue
1554 3550 1604 3596 11
1645 3562 1692 3610 p.
1729 3549 1829 3597 356
1867 3561 1957 3608 sq.‚
2008 3545 2277 3607 Madvig
2327 3546 2362 3603 l.
2400 3560 2439 3592 S.
2478 3558 2516 3591 S.
2553 3558 2602 3606 p.
2633 3544 2753 3598 224,

536 3634 699 3681 Brix
738 3640 786 3683 et
822 3636 860 3682 L
887 3649 1089 3684 orenz
1139 3635 1201 3682 ad
1238 3635 1348 3683 Mil.
1385 3652 1428 3684 v.
1478 3637 1589 3698 102,
1643 3636 1803 3683 Brix
1854 3633 1913 3680 ad
1956 3634 2094 3681 Trin.
2130 3635 2248 3689 383,
2300 3633 2439 3681 Lor.
2477 3631 2541 3679 ad
2577 3629 2756 3679 Most.2

537 3724 666 3783 6943
724 3725 854 3770 conf.
903 3724 1122 3773 Haase
1172 3724 1231 3771 ad
1286 3725 1420 3773 Rois.
1478 3726 1629 3773 schol.
1680 3724 1791 3774 adn.
1832 3727 2039 3772 447.--
2069 3723 2139 3770 Do
2179 3721 2469 3783 posterioris
2508 3721 2751 3768 sermonis

535 3810 896 3860 consuetudine
927 3813 1053 3859 conf.
1093 3810 1185 3859 Ma
1209 3811 1238 3858 d
1258 3813 1382 3870 vig*
1405 3812 1438 3859 1.
1477 3826 1515 3861 ε.
1542 3826 1579 3858 s.
1612 3826 1657 3871 p.
1691 3813 1790 3860 218
1820 3825 1939 3874 sqq„
1982 3810 2123 3857 Kiih
2144 3815 2302 3856 nast
2338 3808 2533 3858 LIvian.
2564 3806 2754 3868 Syntax

533 3914 584 3962 p.
625 3900 742 3956 20⁴,
781 3899 963 3947 Neue
1002 3899 1047 3946 11
1074 3914 1125 3961 p.
1155 3903 1254 3947 355
1289 3911 1410 3959 sqq„
1449 3900 1748 3959 Draeger
1782 3900 1805 3944 I
1842 3912 1891 3959 p.
1929 3899 2027 3945 276
2057 3910 2162 3958 sqq.
2190 3920 2251 3930 —
2278 3896 2609 3957 Participium
2630 3895 2755 3957 perf.

535 4000 666 4048 pass,
703 3986 984 4034 secundarii
1012 3987 1390 4035 enuntiativice
1428 3986 1640 4046 fungens
1667 3987 1818 4035 etiam
1847 3985 1977 4046 apud
2007 3987 2197 4047 priscos
2221 3987 2500 4045 scriptores,
2542 3984 2592 4030 id
2622 3982 2754 4043 quod

539 4078 687 4133 negat
724 4072 938 4132 Dranger
972 4074 1020 4120 11
1057 4088 1107 4134 p.
1151 4076 1265 4128 776,
1317 4073 1623 4135 aliquotiens
1672 4074 1953 4135 praesentis
2008 4076 2259 4123 notionem
2313 4072 2581 4137 adsciscit3
2629 4073 2754 4132 conf.

533 4161 694 4214 Plaut.
732 4160 913 4232 Amph.
954 4162 1053 4212 964
1092 4164 1292 4217 (ratus),
1333 4161 1470 4220 Asin.
1513 4163 1611 4210 878
1652 4162 1971 4228 (ampleaeus).
