3116 4790
1606 339 1691 403 24

472 531 475 534 ’
542 544 694 622 sent,
749 541 854 606 ubi
878 559 1004 625 pro
1028 540 1266 622 futuro
1310 545 1545 622 exacte,
1598 541 1704 606 ubi
1730 563 1856 626 pro
1882 563 2005 627 per
1998 544 2173 627 jecto
2210 541 2403 624 [illam
2438 541 2596 605 coni.
2628 539 2754 605 for·

543 647 736 723 mam]
773 645 1093 727 ponerent.

711 741 960 822 Quodsi
995 742 1167 827 apud
1199 741 1337 807 Cic
1356 764 1390 807 e
1407 764 1489 807 ro
1510 766 1550 805 n
1569 764 1603 807 e
1620 765 1681 805 m
1705 744 1755 827 ¹)
1785 744 2048 829 perfecti
2083 744 2521 811 coniunctivae
2550 744 2757 810 futuri

543 845 629 914 II.
674 847 815 912 vice
854 845 1125 929 fungens
1141 842 1196 928 2)
1252 845 1329 906 in
1392 853 1621 909 recta
1681 847 2054 909 oratione
2110 846 2435 911 artissimis
2480 847 2753 913 vinculis

544 959 638 1012 est
688 948 1087 1028 constrictus,
1149 945 1341 1031 paulo
1398 957 1608 1010 tamen
1652 946 1903 1033 longius
1947 949 2082 1011 eius
2142 969 2289 1013 usus
2332 946 2753 1042 fines-protu-

543 1051 754 1116 lerunt
815 1051 977 1136 epici
1040 1058 1103 1112 et
1171 1048 1520 1133 elegiarum
1580 1058 1806 1134 poetae
1870 1059 2062 1136 atque
2125 1060 2462 1136 argenteae
2526 1052 2754 1115 aetatis

444 1228 445 1231 Ἴ
540 1155 880 1239 scriptores
893 1151 961 1232 ³),
995 1151 1086 1213 ita
1130 1159 1201 1213 ut
1225 1149 1541 1214 interdum
1567 1152 1840 1235 priscam
1870 1153 2001 1214 fere
2027 1153 2336 1217 rationem
2359 1161 2753 1217 revocarent.

710 1253 888 1319 Conf.
933 1255 1129 1337 Verg.
1176 1252 1333 1317 Aen.
1378 1250 1535 1335 XII,
1579 1253 1664 1317 40
1707 1274 1830 1338 sq.:
1890 1252 2058 1331 Quid
2100 1254 2560 1339 eonsanyuinei‚
2604 1254 2758 1337 quid

544 1361 746 1421 cetera
780 1354 935 1420 dicet
969 1353 1187 1436 Italia,
1231 1353 1314 1418 ad
1351 1358 1608 1418 mortem
1650 1355 1709 1418 si
1751 1357 1807 1417 te
1848 1354 2023 1435 (jors
2067 1355 2228 1420 dicta
2266 1377 2339 1422 re
2334 1353 2563 1439 jutetl)
2599 1374 2757 1439 pro

545 1456 934 1523 diderint?
1018 1454 1249 1523 Catull.
1299 1456 1399 1537 79,
1425 1457 1464 1520 3
1507 1455 1619 1520 sed
1659 1461 1864 1520 tamen
1910 1456 2009 1520 hie
2043 1457 2309 1541 pulcher
2348 1457 2575 1523 vendat
2617 1473 2756 1519 cum

539 1562 715 1646 yente
760 1558 1087 1640 Catullum,
1148 1557 1218 1624 Si
1256 1559 1385 1622 tria
1425 1562 1712 1623 notorum
1755 1559 1942 1624 savia
1984 1560 2471 1643 reppererit.

713 1659 950 1725 Contra
994 1682 1174 1725 nemo
1223 1663 1478 1745 ignorat
1521 1661 1712 1724 etiam
1755 1661 1822 1727 in
1863 1662 2103 1746 optima
2145 1660 2462 1731 latinitate
2495 1682 2755 1746 prorsus

547 1762 826 1847 legitime
861 1764 1009 1847 poni
1046 1763 1307 1848 perfecti
1347 1763 1821 1828 coniunctivum
1861 1785 1973 1847 pro
2012 1763 2226 1828 futuro
2264 1763 2350 1830 II.
2396 1765 2475 1827 in
2514 1787 2603 1828 en
2622 1788 2758 1829 un·

548 1866 785 1929 tiatis
830 1863 1278 1949 dupliciter
1320 1864 1885 1944 subiunctis4).
1974 1864 2097 1929 Sed
2151 1887 2295 1930 cum
2340 1867 2635 1952 Draeger
2679 1866 2753 1948 (I.

545 2111 765 2157 elocutus
801 2123 942 2156 eum
981 2141 991 2153 .
1028 2140 1039 2153 .
1078 2139 1090 2152 .
1127 2111 1224 2156 seis
1261 2141 1271 2153 .
1313 2141 1328 2156 .
1365 2143 1377 2157 .
1414 2110 1573 2157 volo
1609 2107 1725 2164 (sim
1747 2108 1942 2158 Ritschl
1968 2107 2237 2157 secundum
2274 2106 2403 2171 ZF);
2451 2108 2601 2157 Poen.
2640 2108 2759 2172 1111,

547 2198 596 2257 2,
621 2197 684 2244 86
719 2210 798 2257 pr.
837 2196 1103 2256 disperibit
1132 2198 1258 2258 faaeo
1295 2210 1451 2258 quam
1481 2231 1494 2244 .
1522 2230 1532 2242 .
1562 2230 1572 2241 .
1600 2199 1863 2245 civerit
1894 2197 1985 2245 sut.
2025 2211 2102 2244 ex.
2140 2195 2295 2244 indic.
2336 2209 2575 2256 cognosco
2601 2195 2757 2257 (conf.

546 2285 717 2332 Bacch.
763 2285 860 2331 921
902 2297 985 2345 pr.
1044 2298 1126 2344 qu.
1186 2298 1591 2334 convenere.
1651 2284 1800 2345 Epid.
1853 2288 1951 2332 304
1997 2300 2080 2346 pr.
2131 2300 2211 2347 qu.
2264 2285 2563 2344 venero);
2623 2284 2757 2334 idem

544 2379 739 2435 tempus
788 2371 1024 2420 habemns
1064 2372 1180 2421 Liv.
1219 2376 1266 2434 5,
1305 2375 1350 2434 4,
1396 2376 1474 2424 10.
1545 2373 1870 2433 Logicum
1920 2378 2086 2421 autem
2135 2374 2413 2435 perfectum
2471 2375 2525 2431 (i.
2564 2388 2604 2422 e.
2641 2387 2757 2423 vere

547 2462 893 2525 praeteritum)
932 2461 1248 2509 statuendum
1287 2466 1362 2509 est
1399 2463 1451 2508 in
1490 2464 1753 2511 sententiis
1790 2461 2090 2524 quibusdam
2131 2464 2406 2521 generatim
2444 2461 2597 2510 dictis
2623 2462 2756 2520 (Tac.

546 2550 710 2598 Germ.
741 2553 799 2596 13
822 2553 873 2596 et
895 2562 1008 2596 ann.
1033 2552 1112 2610 15,
1142 2551 1224 2599 74.
1249 2549 1350 2599 Cic.
1380 2550 1482 2599 inv.
1511 2552 1540 2596 2
1570 2552 1610 2608 ἓ.
1649 2545 1786 2611 160).
1830 2551 2058 2610 Denique
2079 2564 2155 2611 ap.
2174 2549 2310 2598 Caes,
2337 2551 2454 2599 bell.
2478 2550 2592 2609 gall.
2620 2555 2666 2609 3,
2697 2554 2755 2597 18

545 2637 679 2701 (non
700 2653 781 2700 pr.
812 2638 1090 2685 dimittunt
1124 2652 1209 2700 qu.
1252 2638 1315 2685 ab
1353 2639 1430 2687 hie
1467 2641 1537 2687 eit
1572 2641 1877 2697 concessum)
1914 2640 2042 2688 coni.
2081 2639 2285 2699 perfecti
2323 2641 2429 2699 (pro
2465 2637 2757 2699 plusquam-

547 2725 788 2788 perfecto)
837 2726 1036 2787 positus
1089 2731 1165 2773 est
1212 2732 1413 2789 propter
1462 2740 1697 2790 praesens
1747 2726 2045 2774 historicum
2085 2727 2172 2786 (=
2196 2742 2303 2775 non
2338 2728 2646 2777 dimiserunt
2676 2743 2756 2790 pr.

548 2830 629 2878 qu.
666 2830 690 2862 e
715 2819 852 2862 sset
888 2808 1219 2875 concessum).
1292 2814 1465 2865 Cetera
1503 2816 1731 2876 exempla
1766 2817 1798 2862 1.
1837 2831 1879 2865 c.
1919 2829 1946 2862 a
1985 2815 2232 2874 Draegero
2280 2816 2538 2878 proposita
2575 2817 2757 2864 obli-

547 2917 714 2964 quae
749 2910 864 2952 sunt
900 2904 1164 2952 orationis.

723 2990 767 3053 1)
803 2992 1031 3040 Fortasse
1069 2990 1362 3039 eximendae
1399 2995 1515 3038 sunt
1551 2989 1813 3039 Ciceronis
1852 2990 2219 3051 epistulae.

718 3077 762 3140 2)
800 3078 933 3137 Quin
988 3081 1136 3128 etiam
1186 3091 1275 3140 pro
1312 3079 1709 3142 praesentis
1748 3079 2068 3128 coniunctivo
2103 3090 2298 3139 perraro
2336 3077 2510 3128 Cicero
2550 3078 2757 3139 perfecti

542 3168 873 3231 potentialem
906 3170 960 3215 in
998 3166 1627 3215 condicionalibus
1667 3168 1944 3214 enuntiatis
1980 3166 2272 3228 usurparit:
2346 3165 2513 3230 Atque
2552 3168 2605 3213 in
2642 3179 2759 3228 pro-

542 3258 639 3305 tasi
675 3256 879 3318 quidem
913 3258 1080 3303 nescio
1117 3269 1179 3302 an
1217 3255 1411 3303 nullum
1456 3261 1618 3303 exstet
1652 3256 1951 3316 exemplum.
2023 3254 2313 3316 Apodoseos
2341 3254 2433 3301 hoc
2457 3261 2655 3316 praesto
2684 3261 2761 3304 est

545 3344 856 3406 exemplum:
900 3342 1045 3390 Tusc.
1073 3344 1136 3390 29
1175 3344 1215 3401 §-
1242 3344 1309 3390 82
1347 3346 1478 3404 imp
1500 3348 1601 3390 etr
1620 3344 1796 3391 arim
1834 3342 2065 3399 libenter,
2100 3344 2207 3390 nisi
2239 3342 2509 3390 molestum
2544 3346 2612 3391 sit
2648 3341 2759 3406 (ubi

547 3446 604 3481 eo
641 3432 846 3481 facilius
880 3437 1078 3494 poterat
1113 3433 1344 3492 usurpari
1381 3432 1465 3478 hic
1503 3430 1697 3493 modus,
1738 3434 1834 3493 q'uo
1872 3427 2081 3493 propius
2117 3432 2335 3491 protasis
2372 3429 2433 3477 ad
2458 3432 2758 3481 urbanitatis

550 3520 795 3582 quandam
834 3520 1115 3580 formulam,
1154 3532 1300 3579 quam
1336 3519 1398 3568 ad
1436 3534 1601 3567 veram
1638 3519 1986 3569 condicionem
2021 3519 2247 3576 accedit.)

719 3606 762 3665 ⁸)
797 3609 856 3657 A.
906 3607 1270 3668 Mansfeld,
1325 3609 1401 3656 De
1456 3608 1827 3657 enuntiatorum
1885 3606 2072 3657 condit.
2122 3605 2256 3670 apud
2308 3606 2431 3667 eleg.
2484 3613 2613 3668 poet.
2650 3609 2758 3658 Lat.

545 3696 840 3745 formatione
877 3696 1007 3753 (Hal.
1032 3696 1148 3745 Sax.
1189 3691 1366 3759 1879),
1403 3696 1472 3746 Μ.
1511 3695 1985 3758 Morgenroth,
2023 3696 2098 3744 De
2134 3695 2326 3745 condic.
2364 3699 2491 3743 sent.
2528 3709 2608 3757 ap.
2647 3696 2759 3745 Tac.

510 3788 682 3835 „foi-m.
723 3782 884 3846 (Lips.
929 3782 1100 3845 1868),
1157 3783 1204 3833 J.
1246 3783 1303 3834 O.
1342 3784 1737 3845 Klintberg‚
1798 3783 1891 3832 De·
1923 3786 2067 3832 form.
2121 3796 2293 3832 enunc.
2348 3781 2487 3832 cond.
2523 3798 2602 3847 ap.
2643 3784 2757 3837 Tac.

544 3871 737 3936 (Upsal.
782 3872 948 3928 1877).

715 3957 762 4022 4)
799 3958 1047 4020 Exigente
1099 3965 1377 4022 temporum
1432 3962 1785 4010 consecutione
1832 3959 2575 4022 plusquamperfectum
2611 3961 2758 4021 poni-

543 4054 651 4097 tur:
691 4045 850 4109 quode
888 4046 1142 4110 imprimis
1180 4064 1227 4098 v,
1264 4048 1482 4108 Madvig.
1522 4048 1555 4097 l.
1594 4062 1636 4096 s.
1673 4063 1712 4096 s.
1749 4062 1799 4109 p.
1841 4051 1954 4109 101,
1992 4047 2198 4095 Kiihner
2221 4047 2329 4097 Lat.
2359 4047 2440 4095 Gr.
2478 4049 2529 4095 11
2567 4061 2616 4108 p.
2657 4053 2752 4098 771

544 4140 646 4185 not.
687 4137 745 4196 35
792 4136 1130 4199 exemplorum
1169 4138 1311 4199 copia
1347 4149 1426 4198 ap.
1464 4135 1605 4189 Neue
1642 4136 1750 4186 Lat.
1790 4132 2066 4186 Formenl.2
2101 4135 2148 4181 11
2184 4149 2238 4199 p.
2274 4137 2373 4183 349
2417 4149 2525 4198 sqq.
