3116 4790
1605 358 1691 424 10

530 546 682 633 Syri
721 559 882 645 sent.
929 551 1053 616 515
1097 553 1288 620 Ribb.
1331 555 1454 620 heu
1496 576 1688 641 quam
1733 561 2032 628 miseram
2086 571 2176 630 est
2221 568 2297 634 ab
2332 587 2401 633 eo
2438 571 2636 653 zaudi,
2682 574 2755 638 de

693 668 815 734 quo
859 672 982 716 non
1025 661 1238 720 ausis
1282 660 1480 740 queri.

725 773 777 816 c.
818 754 1022 818 ausit:

524 849 733 917 Plaut.
782 853 916 922 Mil.
970 861 1038 921 11
1094 855 1254 922 Tam
1313 859 1670 926 bellatorem
1719 861 1908 929 Mars
1965 886 2032 930 se
2073 867 2229 933 haut
2279 878 2484 937 ausit
2526 874 2749 944 dicere.

689 953 1348 1025 Animadvertendum
1408 972 1501 1026 est
1555 964 1856 1048 primum,
1925 989 2173 1054 semper
2230 973 2364 1038 fere
2405 976 2471 1040 in
2515 999 2597 1041 ne
2610 999 2753 1062 ga-

522 1054 702 1121 tiva
743 1061 1059 1124 sententia
1098 1061 1375 1146 positum
1409 1084 1546 1129 esse
1590 1067 1821 1149 ausim,
1867 1067 2116 1154 deinde,
2161 1072 2534 1163 pler-umque
2567 1080 2753 1146 verbi

520 1156 858 1222 auxiliaris
903 1162 1043 1227 vice
1085 1163 1272 1248 fungi
1316 1167 1546 1247 ausim,
1596 1167 1702 1250 -is,
1744 1171 1822 1231 ·z't
1864 1171 2167 1240 adiuncto
2213 1176 2527 1244 infinitivo
2558 1181 2621 1259 ¹).

593 1256 680 1323 ΙΙ.
730 1258 1024 1323 Aliarum
1069 1261 1422 1329 formarum
1466 1266 1793 1352 exempla:

669 1360 724 1424 l.
771 1359 1119 1428 Librorum
1161 1367 1466 1430 memoria
1510 1376 1605 1431 est
1648 1370 1992 1435 traditum:

518 1457 730 1524 Plaut.
776 1460 952 1531 Asin.
1000 1463 1124 1530 503
1167 1465 1344 1532 haud
1384 1469 1781 1552 neyassim.

683 1563 878 1629 Hunc
938 1573 1154 1633 tamen
1211 1567 1419 1634 locum
1472 1571 1822 1654 posteriore
1866 1581 2151 1658 tempore
2194 1576 2278 1642 ab
2324 1578 2748 1648 histrionibus

517 1661 623 1728 vel
677 1663 761 1728 ab
807 1664 1020 1750 aliquo
1075 1668 1481 1734 diasceuasta
1523 1672 1591 1735 in
1636 1683 2006 1738 contextum
2054 1699 2187 1741 esse
2230 1679 2539 1745 insertum
2584 1684 2744 1747 veri·

518 1764 720 1832 simile
763 1767 1051 1832 videtur:
1091 1793 1152 1837 v.
1198 1770 1368 1836 infra
1412 1793 1552 1858 cap.
1598 1773 1686 1838 II.
1725 1775 1780 1838 B
1822 1775 1874 1858 ἓ.
1922 1779 1977 1844 5.

669 1867 726 1934 2.
772 1864 895 1932 His
952 1868 1106 1934 locis
1166 1873 1319 1936 satis
1379 1877 1701 1960 corruptis
1746 1877 2145 1943 coniecturas
2199 1880 2539 1964 periclitati
2596 1895 2745 1949 sunt

766 1968 1066 2034 editores:

517 2066 729 2136 Plaut.
775 2067 918 2136 Cas.
965 2070 1054 2152 11,
1109 2073 1168 2153 5,
1202 2072 1284 2138 39
1330 2093 1450 2138 non
1510 2095 1617 2159 eqo
1672 2075 1833 2140 istae
1889 2079 2146 2144 verbam
2206 2082 2567 2164 empsim2)
2624 2085 2743 2147 titi-

678 2168 925 2240 vinitio.
2394 2262 2399 2268 ,
2590 2255 2601 2263 .

517 2270 651 2337 Mil.
699 2271 821 2336 316
867 2271 1060 2354 quid?
1125 2276 1481 2356 nusquam?
1522 2277 1554 2358 ΙΙ
1596 2275 1741 2340 Non
1801 2297 1909 2362 eqo
1964 2284 2138 2344 tuam
2185 2284 2511 2365 empsim
2551 2287 2746 2350 vitam

676 2370 915 2439 vitiosa
953 2393 1110 2438 nuce
1127 2373 1194 2454 ³).

515 2472 681 2539 Men.
740 2474 864 2539 185
926 2494 1031 2560 eqo
1086 2477 1230 2542 istic
1294 2479 1451 2542 mihi
1505 2478 1687 2543 hodie
1750 2479 2069 2565 adparari
2125 2484 2401 2549 iussim
2458 2488 2633 2571 apud
2689 2493 2748 2554 te

668 2574 1025 2657 prandium
1039 2577 1106 2658 4).

511 2673 704 2742 'I'ruc.
764 2676 886 2742 892
944 2697 1023 2742 ne
1077 2677 1269 2743 istum
1335 2684 1575 2746 ecastor
1643 2681 1823 2745 hodie
1885 2683 1926 2746 h
1947 2685 2202 2748 ostis-3
2220 2685 2323 2749 im
2395 2687 2741 2769 consectam

661 2774 962 2857 fallaciis
982 2776 1058 2862 ⁵).

511 2876 754 2942 Pacuv.
799 2880 926 2944 209
951 2879 1078 2962 fac
1121 2884 1190 2943 ut
1234 2881 1530 2965 coepisti:
1574 2881 1737 2947 hane
1783 2903 2042 2966 operam
2070 2886 2226 2949 mihi
2255 2886 2363 2951 des
2384 2891 2740 2973 perpetem:

685 2979 898 3044 oculos
940 2982 1447 3061 transaoeimss).

685 3159 731 3224 ¹)
771 3161 958 3210 Col-nis.
1007 3165 1230 3227 praebet:
1293 3180 1402 3213 non
1450 3170 1619 3217 ausim
1670 3168 1834 3218 dicere
1875 3169 1944 3216 lV
1982 3171 2075 3231 2,5
2131 3175 2182 3218 et
2218 3170 2289 3217 IV
2326 3173 2512 3231 30,41.
2548 3170 2651 3220 Cic.
2689 3178 2740 3221 et

510 3248 619 3295 Liv.
659 3251 888 3311 exempla
921 3265 998 3312 ap.
1062 3252 1284 3313 Draeger
1320 3252 1369 3300 12
1404 3271 1454 3317 p.
1495 3257 1596 3303 306
1637 3270 1711 3317 sq.
2385 3312 2388 3316 ,

682 3333 728 3396 2)
766 3337 850 3385 Sic
891 3338 1085 3398 primus
1139 3342 1340 3402 scripsit
1377 3342 1665 3402 Fruterlus3
1720 3347 1961 3393 emissum
2007 3344 2105 3391 tibi
2140 3346 2337 3393 etalitio
2379 3345 2414 3391 B
2453 3360 2584 3396 man.
2622 3362 2738 3411 sec„

512 3426 674 3484 empsi
722 3438 840 3470 cum
888 3426 1164 3474 titivillitio
1189 3428 1326 3475 Paul.
1350 3432 1468 3488 336,
1497 3432 1723 3477 emsitem
1748 3429 1891 3488 Fulg.
1923 3431 2039 3491 562,
2067 3432 2150 3492 27,
2175 3432 2403 3479 emi-seim
2434 3432 2737 3483 Gronovius.

680 3510 728 3573 ⁸)
765 3512 850 3560 Sic
868 3512 1102 3560 Lindem.
1122 3515 1361 3574 probante
1390 3514 1691 3575 Ritsch01103
1732 3520 1977 3564 mutuam
2011 3531 2073 3565 ea
2094 3518 2201 3579 ipsi
2227 3520 2308 3566 tui
2330 3523 2438 3567 tam
2461 3519 2513 3578 B,
2551 3522 2739 3569 mutua

507 3613 564 3646 ea
602 3601 706 3660 ipsi
741 3599 878 3648 tutta
914 3600 1026 3651 GD.

679 3684 726 3746 4)
764 3686 850 3736 Sic
890 3688 1153 3736 Acidalius
1191 3690 1328 3750 prob.
1371 3689 1590 3749 Bitsch.;
1649 3693 1778 3738 iussi
1817 3689 1979 3748 codd„
2036 3704 2163 3751 quae
2201 3692 2354 3741 lectio
2401 3695 2610 3742 fortasse
2663 3699 2737 3743 est

505 3774 750 3833 genuina3
812 3787 925 3820 nam
979 3788 1156 3824 scaena
1205 3777 1298 3823 illa
1336 3777 1773 3825 Menaechmorum
1813 3779 1976 3825 varias
2029 3793 2177 3841 passa
2228 3786 2306 3828 est
2341 3784 2732 3831 retractationes.

508 3858 650 3908 Gonf.
690 3859 1020 3921 Sonnenburg
1059 3861 1150 3910 ‘De
1186 3863 1321 3914 Men.
1361 3864 1521 3912 Plaut.
1557 3869 1824 3913 retractata
1860 3864 2086 3913 libellus’
2124 3866 2302 3923 (Bonn.
2358 3868 2521 3923 1881).

679 3945 723 4006 ὅ)
761 3948 852 3996 Sto
888 3947 1124 4011 Schoell„
1164 3952 1329 4000 hastis
1367 3950 1605 4013 confecta
1644 3952 1698 4014 B,
1738 3952 1996 4013 confeaeim
2034 3955 2166 4012 vulg.
2206 3953 2357 4003 lectio
2397 3955 2458 4001 ab
2498 3953 2733 4001 Acidalio

505 4038 624 4094 orta,
665 4035 940 4096 conficiam
978 4036 1214 4099 Geppert.

686 4121 735 4187 ⁶)
775 4123 857 4173 Sic
893 4123 1037 4174 Ribb.
1074 4132 1345 4192 praeeunte
1382 4127 1439 4181 O.
1476 4128 1736 4194 Muellero,
1775 4131 1932 4178 oculis
1969 4132 2212 4182 traxerim
2249 4127 2355 4179 cod.
2396 4127 2546 4187 (Fest.
2587 4125 2733 4183 217),
