3116 4790
1614 357 1657 423 2

517 563 799 626 reddidit
860 562 1190 627 rationem.
1281 558 1534 623 Etenim
1595 559 1872 624 ostendit
1922 557 2158 622 formas
2202 559 2267 620 in
2319 556 2463 621 -sim
2505 555 2752 639 origine

516 661 715 726 fuisse
757 662 1184 747 ‘cogitationis
1228 659 1464 723 modos'
1510 659 1596 723 ad
1640 659 2140 724 historicum
2196 658 2750 744 praeteritum

516 763 920 842 (‘aoristum’)
988 763 1380 848 pertinentes
1445 762 1716 848 ideoque
1781 762 2120 827 inservisse
2194 761 2412 825 futuro
2478 761 2752 844 tempori

512 863 929 947 significando
952 864 1015 945 ¹).

682 965 898 1044 Quam
958 965 1041 1029 ad
1102 985 1235 1028 rem
1293 960 1764 1026 inlustrandam
1820 972 2156 1046 comparat
2213 963 2451 1027 formas
2494 963 2559 1025 in
2604 970 2749 1029 -sim

515 1089 660 1132 cum
714 1068 1185 1134 Graecorum
1248 1074 1531 1149 tempore
1574 1063 1878 1128 historico
1923 1064 1963 1130 i.
2012 1085 2063 1127 e.
2109 1064 2367 1130 aorist0.
2456 1064 2749 1150 Namque

515 1171 707 1232 etiam
751 1169 990 1234 Graeci
1029 1167 1253 1233 aoristi
1294 1165 1852 1230 coniunctivuset
1893 1164 2220 1250 optativus
2280 1164 2458 1228 initio
2502 1186 2750 1248 semper

517 1292 617 1333 res
659 1270 914 1334 futuras
956 1269 1485 1355 significaverunt
1503 1267 1572 1349 ²).
1663 1266 1797 1332 Cur
1839 1275 2055 1330 autem
2098 1266 2317 1330 aoristi
2359 1266 2550 1348 modi,
2603 1289 2748 1332 cum

512 1393 626 1457 per
683 1394 749 1435 se
805 1372 1077 1456 spectati
1139 1371 1337 1436 solam
1408 1369 1595 1436 verbi
1653 1370 1963 1434 actionem
2030 1368 2329 1432 denotent
2395 1368 2557 1450 (sine
2617 1369 2745 1434 ullo
2801 1430 2802 1433 ,

512 1472 811 1556 temporis
846 1471 1130 1555 indicio),
1174 1472 1257 1536 ad
1297 1471 1328 1535 f
1337 1493 1379 1535 u
1403 1483 1670 1535 turum
1712 1469 2203 1554 significandum
2254 1470 2546 1534 conversi
2590 1469 2738 1551 sint,

512 1572 841 1636 Luebbert
885 1573 975 1638 sic
1029 1574 1345 1658 explicat:
1436 1571 1538 1637 Im
1600 1571 1834 1636 Modus
1899 1570 2012 1636 der
2083 1569 2470 1656 Vorstellumy
2532 1570 2748 1655 ansye·

497 1672 695 1754 fasst,
742 1672 964 1737 leon—nte
1007 1672 1117 1737 der
1152 1672 1416 1758 Beqriff
1448 1673 1555 1737 des
1595 1672 1976 1738 vollendeten
2007 1671 2188 1739 Scins
2225 1672 2295 1735 in
2339 1670 2450 1736 der
2491 1672 2746 1736 c’t‘ltesten

515 1772 656 1837 Zeit
697 1773 810 1838 der
857 1773 1140 1857 Sprache
1183 1774 1328 1837 eben
1370 1793 1496 1837 nur
1538 1774 1674 1855 auf
1705 1773 1807 1836 die
1845 1771 2137 1861 Zukunft
2176 1774 2432 1857 bezoyen
2473 1760 2747 1856 werden,

512 1875 595 1940 da
639 1875 751 1941 der
798 1877 1094 1961 objektive
1132 1874 1289 1941 Sinn
1333 1874 1446 1939 der
1488 1876 1692 1939 c’t'ltern
1740 1873 2021 1957 Sprache
2059 1872 2178 1938 das
2221 1874 2563 1939 vollendete
2598 1874 2746 1941 Scin

512 1976 623 2040 der
673 1975 1161 2061 Veryanyenheit
1195 1976 1358 2041 auch
1395 1996 1520 2040 mer
1553 1977 1651 2061 obj
1659 1976 1831 2060 ektiv·
1852 1976 1922 2039 in
1957 1974 2093 2039 dem
2125 1974 2360 2040 Modus
2397 1976 2507 2041 der
2540 1977 2746 2043 vollen
2833 1982 2838 1985 ’

523 2077 961 2159 Wirklichkezft,
1001 2079 1091 2142 im
1137 2077 1476 2159 Indicam),
1520 2076 1942 2142 darzustellen
1988 2077 2128 2141 liebt
2168 2082 2254 2163 (p.
2302 2079 2426 2159 70).

677 2178 999 2243 Pleniores
1029 2190 1244 2244 autem
1281 2182 1346 2243 in
1382 2180 1565 2243 ·erim
1598 2180 1834 2243 formas
1870 2201 2071 2265 aeque
2107 2200 2185 2243 ac
2221 2179 2546 2245 breviores
2579 2201 2745 2244 com·

508 2301 763 2369 munem
823 2279 1084 2344 duxisse
1142 2282 1450 2365 originem
1509 2289 1698 2365 putat
1743 2280 1825 2343 ab
1874 2280 2344 2365 antiquioribus
2401 2280 2619 2345 formis
2674 2284 2743 2345 in

510 2382 702 2463 -isim,
746 2383 835 2447 ita
877 2392 950 2448 ut
994 2409 1053 2450 v.
1096 2407 1148 2453 c.
1195 2382 1499 2449 amassim
1541 2404 1829 2468 syncopa
1863 2381 2081 2447 fictum
2119 2383 2202 2445 sit
2235 2406 2316 2447 ex
2361 2383 2741 2448 amavisim:

509 2507 592 2547 ex
636 2506 766 2569 qua
810 2485 1017 2550 forma
1061 2486 1444 2551 rhotacismo
1490 2488 1602 2572 qui
1634 2495 1903 2550 vocatur
1941 2487 2290 2549 amaverim
2329 2492 2552 2547 natum
2587 2506 2740 2555 esse.

507 2585 608 2648 Ea
653 2594 865 2650 autem
924 2587 1206 2670 perfecta
1266 2598 1329 2651 et
1387 2587 1727 2652 indicativi
1785 2596 1847 2649 et
1889 2586 2280 2651 coniunctivi
2324 2586 2514 2667 modi,
2574 2607 2741 2672 quae

504 2687 866 2752 breviorem
912 2689 1388 2754 coniunctivum
1433 2691 1496 2753 in
1554 2690 1705 2752 -sim
1746 2687 2078 2751 habebant
2132 2688 2199 2768 (i.
2246 2708 2296 2751 e.
2343 2675 2557 2751 omnia
2600 2710 2743 2773 per-

502 2788 671 2852 fecta
710 2789 776 2851 in
820 2791 908 2852 -si
950 2801 1013 2854 et
1052 2792 1144 2855 ·vi
1187 2801 1249 2856 et
1293 2792 1536 2878 aliquot
1593 2813 1746 2856 non
1808 2789 2371 2873 reduplicata
2426 2789 2491 2851 in
2537 2789 2613 2872 -ὓ
2658 2811 2739 2853 ex

502 2891 853 2955 Luebberti
910 2896 1227 2958 sententia
1283 2896 1488 2979 primo
1532 2917 1660 2959 non
1703 2916 1818 2980 pro
1860 2892 2065 2977 logico
2120 2890 2400 2977 perfecto
2456 2890 2738 2972 fuerunt,

501 2994 612 3056 sed
661 2991 1003 3057 historicae
1046 2997 1403 3060 narrationi
1448 2995 1895 3060 inservierunt.
1959 2993 2198 3059 Contra
2242 3003 2736 3057 consentaneum

502 3114 637 3155 esse
700 3094 928 3157 statuit
986 3095 1365 3178 perfecta
1421 3095 1817 3181 reduplic
1843 3104 1981 3158 ata
2039 3116 2286 3180 semper
2340 3093 2534 3157 fuisse
2587 3114 2738 3158 vere

501 3193 855 3277 praeterita
898 3216 1106 3281 neque
1148 3218 1496 3283 syncopam
1537 3195 1901 3260 admisisse:
1946 3217 2219 3281 quorum
2255 3194 2736 3260 coniunctivum

498 3295 629 3360 vim
672 3296 938 3380 perfecti
977 3299 1379 3382 praesentiae
1423 3297 1721 3363 habuisse
1758 3298 1965 3364 videri
2008 3297 2171 3378 (also
2213 3295 2577 3380 tetiqisim
2602 3295 2736 3376 fiir

502 3436 643 3444 ———-—-

675 3506 714 3565 ¹)
751 3507 954 3557 Curtius
990 3509 1178 3573 (Temp.
1220 3525 1267 3559 u.
1308 3512 1448 3561 Modi
1487 3527 1535 3573 p.
1577 3512 1696 3568 208)
1756 3510 1989 3558 docuerat
2028 3509 2290 3569 praeteriti
2329 3508 2560 3556 historici
2599 3510 2733 3556 noti·

495 3608 641 3642 onem
678 3599 834 3643 ortam
873 3609 979 3644 esse
1016 3611 1077 3644 ex
1117 3597 1474 3647 debilitatione
1503 3597 1715 3660 quadam
1752 3598 1947 3659 proprii
1988 3598 2213 3657 perfecti.
2272 3596 2522 3644 Luebbert
2562 3601 2732 3644 contra

494 3681 754 3731 ostendere
793 3688 998 3731 conatus
1037 3689 1114 3732 est
1162 3685 1236 3732 ab
1279 3686 1499 3733 initio
1551 3685 1678 3731 hanc
1715 3685 1818 3730 vim
1859 3687 1911 3731 in
1949 3682 2249 3743 quibusdam
2288 3683 2463 3730 formis
2502 3683 2724 3731 infuisse

492 3766 552 3829 (1.
590 3782 628 3816 s.
666 3782 704 3818 s.
743 3782 792 3829 p.
830 3773 894 3818 69
934 3783 1039 3832 sqq.
1079 3773 1179 3828 77).

666 3854 709 3915 2)
747 3855 1108 3905 Coniunctivus
1149 3857 1201 3904 id
1242 3856 1471 3918 designat
1497 3857 1628 3918 quod
1657 3858 1910 3918 praesenti
1939 3862 2159 3917 tempore
2198 3862 2275 3903 est
2298 3858 2552 3916 futurum3
2588 3861 2731 3917 opta-

492 3946 626 3990 tivus
675 3949 849 3992 contra
901 3958 1051 4007 saepe
1102 3951 1243 3994 notat
1294 3945 1348 3992 id
1398 3945 1529 4005 quod
1584 3945 1856 4007 praeterito
1911 3950 2134 4004 tempore
2187 3945 2409 3991 futurum
2468 3950 2583 3992 erat.
2674 3944 2731 3990 In

490 4030 767 4079 Homeri
805 4034 1107 4080 carminibus
1146 4046 1267 4079 unu
1291 4046 1338 4077 m
1374 4033 1540 4080 locum
1568 4030 1919 4091 excipiendum
1956 4044 2062 4078 esse
2099 4037 2242 4092 putat
2272 4031 2524 4077 Luebbert
2548 4029 2648 4087 (od
2703 4041 2733 4074 r

489 4115 642 4195 4.63);
680 4115 959 4166 adsentitur
997 4118 1255 4181 Westphal
1291 4132 1339 4178 p.
1379 4121 1496 4168 299.
1558 4117 1657 4167 Sed
1691 4116 1884 4168 accedit
1921 4119 2131 4166 fortasse
2170 4116 2263 4166 od.
2303 4123 2337 4164 σ
2376 4121 2463 4168 79.
