3116 4790
1591 365 1674 431 14

664 564 720 629 2.
768 566 1009 649 protasi
1051 566 1213 628 inter
1258 567 1657 632 enuntiatum
1694 569 2060 635 absolutum
2101 580 2163 636 et
2206 571 2510 656 apodosin
2549 573 2744 638 inter-

768 667 970 731 iecta:

518 766 748 833 Bacch.
799 767 965 831 1193
1022 787 1146 830 non
1202 767 1313 833 tibi
1363 770 1430 832 in
1487 775 1806 835 mentemst
1850 823 1861 837 .
1908 817 1922 833 .
1974 821 1989 836 .
2041 789 2239 855 neque
2281 772 2339 835 si
2396 772 2509 837 hoc
2562 773 2742 839 hodie

685 871 1021 952 amissis,
1067 869 1135 934 id
1174 875 1314 954 post
1352 874 1613 936 mortem
1657 875 2025 937 eventurum
2069 891 2204 936 esse
2244 873 2589 954 umquam?

608 994 611 995 ⁷
663 969 722 1036 3.
766 972 1011 1054 protasi
1056 980 1443 1055 postremum
1487 972 1700 1038 locum
1741 982 2028 1037 tenente:

516 1068 695 1138 Asin.
735 1072 861 1135 612
906 1091 1055 1137 nam
1105 1071 1256 1154 quid
1294 1092 1394 1137 me
1415 1073 1756 1155 facturum
1787 1078 2007 1158 patae,
2069 1074 2128 1138 si
2168 1075 2328 1139 istuc
2371 1074 2536 1157 quod
2578 1074 2737 1140 dieis

663 1171 952 1253 faxis?
1584 1176 1589 1181 ’

684 1272 939 1352 Quibus
980 1274 1135 1340 locis
1179 1277 1294 1341 vix
1332 1297 1465 1361 pro
1510 1283 1719 1339 certo
1766 1274 2041 1339 discerni
2073 1284 2303 1360 potest,
2345 1284 2564 1340 utrum
2604 1277 2741 1340 sola

499 1366 816 1438 vorationis
881 1374 1311 1460 implicatione
1383 1377 1641 1441 effectus
1702 1376 1785 1440 sit
1850 1376 2322 1456 coniunctivus,
2395 1397 2478 1439 an
2546 1376 2739 1439 etiam

515 1475 880 1558 potentialis
924 1477 1022 1542 vis
1067 1478 1150 1541 sit
1191 1477 1514 1542 admixta:
1562 1476 1675 1546 cfr.
1719 1476 1889 1539 infra
1933 1498 2072 1561 cap.
2119 1476 2207 1544 II.
2253 1478 2325 1541 B.
2370 1481 2426 1556 ἓ.
2471 1477 2513 1539 4
2536 1478 2597 1557 1).

598 1574 718 1644 ΙΙΙ.
763 1576 1130 1664 Numquam
1176 1599 1328 1643 vero
1362 1580 1429 1641 in
1459 1587 1788 1663 utroque
1822 1578 2107 1643 membro
2143 1579 2412 1663 perfecti
2446 1578 2740 1644 coniunc-

763 1676 934 1741 tivus
976 1679 1039 1740 in
1081 1677 1227 1741 -sim
1269 1679 1483 1742 exiens
1533 1679 1789 1764 legitur.
1878 1681 2172 1766 Namque
2224 1702 2411 1762 unuS,
2477 1680 2587 1767 qui
2630 1680 2741 1745 ob·

764 1776 938 1862 loqui
981 1779 1330 1844 videbatur
1374 1779 1571 1861 locus,
1630 1780 1833 1845 alias
1874 1780 1965 1845 ob
2010 1802 2279 1846 causas
2321 1781 2389 1843 in
2434 1782 2733 1865 suspicio·

758 1898 906 1941 nem
950 1889 1220 1944 vocatus
1264 1889 1327 1944 et
1369 1890 1696 1946 correctus
1742 1891 1863 1947 est:

676 1977 870 2042 Truc.
916 2003 1022 2045 vv.
1065 1980 1318 2044 61—63
1361 1980 1440 2062 (Ι,
1485 1983 1541 2061 1,
1570 1981 1673 2049 40.
1717 1981 1817 2045 42.
1861 1979 2004 2059 43.)
2042 1982 2311 2065 legimus
2346 1982 2412 2044 in
2442 1979 2737 2046 Schoel'-

509 2074 605 2138 lii
650 2078 924 2145 editione
967 2083 1291 2167 ingeniose
1335 2083 1426 2146 sic
1467 2082 1868 2146 emendatos:

594 2176 767 2255 Quos
810 2201 997 2263 quom
1043 2183 1317 2246 celamus
1359 2183 1418 2244 si
1443 2181 1802 2263 faximus
1844 2183 2139 2261 conscio-3,

607 2276 748 2343 Una
791 2285 936 2344 ante
965 2286 1169 2365 parta
1212 2281 1428 2344 demus
1460 2285 1976 2366 postpartoribus

595 2375 680 2441 Et
719 2381 928 2445 minus
971 2380 1418 2449 damnosorum
1459 2383 1780 2450 hominum
1821 2405 2013 2469 quam
2055 2403 2221 2449 nunc
2262 2386 2427 2463 sunt,
2471 2383 2645 2445 sient.

677 2498 866 2577 Quae
911 2501 1114 2567 verba
1157 2515 1300 2586 post
1340 2531 1398 2569 v.
1443 2505 1525 2567 62
1571 2507 1634 2568 in
1678 2504 1860 2568 libris
1894 2503 2230 2587 leguntur:
2257 2499 2530 2581 faxim
2575 2498 2736 2562 leno-

503 2618 656 2663 num
716 2605 770 2663 et
826 2607 1174 2668 scortorum
1220 2606 1379 2689 plus
1441 2609 1548 2687 est,
1611 2627 1688 2669 ea
1730 2627 1813 2668 ex
1857 2603 2109 2669 duobus
2152 2598 2733 2684 interpretamentis

507 2716 648 2768 orta
707 2726 843 2768 esse
903 2707 1252 2771 rectissime
1314 2705 1629 2770 intellexit
1671 2703 1973 2769 Schoell
2018 2702 2203 2768 Anal.
2249 2700 2460 2764 Plaut.
2520 2722 2585 2784 p.
2628 2700 2732 2764 55.

500 2802 587 2865 62
623 2804 760 2886 (cfr.
800 2804 996 2871 Truc.
1029 2807 1177 2871 edit.
1208 2808 1408 2892 praef.
1439 2831 1500 2897 p.
1537 2805 1772 2888 XVI.).
1858 2805 2168 2869 Videmus
2205 2802 2402 2886 igitur
2446 2800 2730 2865 criticam

503 2905 815 2968 rationem
858 2905 916 2974 h,
955 2905 993 2968 1.
1036 2906 1249 2970 fulciri
1290 2906 1717 2991 grammatica
1761 2904 2226 2969 observatione.

602 3223 608 3226 ³
673 3166 718 3233 ⁸)
755 3170 864 3221 Hos
885 3184 1043 3220 unum
1079 3176 1284 3234 constat,
1322 3186 1350 3220 8
1384 3173 1567 3235 priscis
1591 3171 1793 3220 Latinis
1830 3170 1983 3219 etiam
2019 3172 2071 3218 1η
2102 3169 2539 3220 condicionalibus
2568 3182 2727 3217 enun-

497 3258 639 3307 tiatis
679 3258 912 3318 obliquae
949 3259 1191 3309 oratIonis
1227 3274 1250 3308 s
1271 3274 1297 3309 ο
1312 3272 1338 3305 c
1353 3274 1386 3308 u
1406 3273 1440 3308 n
1459 3259 1490 3306 d
1509 3273 1537 3307 8
1553 3260 1660 3308 riu
1679 3273 1727 3307 m
1780 3272 1806 3307 ο
1826 3272 1858 3305 n
1878 3273 1910 3306 u
1928 3271 1960 3305 n
1981 3260 2079 3306 tis
2097 3263 2118 3306 t
2134 3271 2167 3305 n
2183 3272 2234 3305 m
2286 3260 2451 3307 minus
2488 3257 2727 3319 primario

498 3347 822 3394 subiunctum
861 3359 986 3407 esso,
1025 3360 1172 3408 quam
1209 3351 1482 3410 posteriore
1519 3352 1676 3397 astate
1722 3348 1834 3396 fleri
1876 3347 2093 3408 solebat3
2145 3348 2276 3397 conf.
2311 3347 2587 3407 Liebig,
2630 3346 2726 3395 Dis

496 3432 708 3493 hypoth.
737 3433 881 3482 Sa'tze
907 3434 989 3482 bei
1017 3434 1205 3483 Teronz
1232 3436 1472 3493 (Gosrlitz
1504 3434 1661 3495 1863)
1696 3450 1748 3498 p.
1772 3436 2018 3501 27—29.‚
2059 3434 2338 3497 Solu-oster,
2367 3432 2466 3483 Die
2496 3434 2726 3484 Condit.-

497 3520 673 3569 Saetze
711 3520 798 3569 des
835 3521 1064 3571 Dichters
1098 3523 1287 3571 Lucrez
1325 3524 1514 3586 (Wesel
1550 3527 1699 3581 1874)
1736 3536 1784 3584 p.
1824 3524 1907 3573 24.
1928 3546 1993 3557 —
2018 3523 2211 3571 Partim
2249 3522 2455 3583 obliquo
2480 3523 2724 3571 orationis

497 3622 740 3669 connexu,
780 3610 964 3671 partim
993 3611 1110 3658 aliis
1138 3613 1302 3660 causis
1327 3613 1485 3669 (velut
1522 3610 1834 3660 ‘attractione
1870 3610 2146 3660 modorum’
2184 3611 2263 3657 vei
2299 3610 2360 3657 ob
2396 3611 2724 3660 incertam

495 3697 740 3745 rationem
777 3698 996 3747 actionis
1036 3700 1183 3746 verbo
1220 3702 1502 3761 expressae)
1538 3704 1679 3747 ortus
1718 3704 1794 3747 est
1829 3711 2201 3759 nonnumquam
2237 3698 2587 3747 coniunctivus
2609 3713 2724 3760 por-

495 3785 619 3835 fecti
660 3787 713 3833 in
750 3786 1088 3835 relativis
1126 3788 1439 3835 enuntiatis:
1480 3787 1557 3838 Pl.
1598 3785 1738 3849 Oapt.
1778 3790 1896 3846 343,
1934 3786 2041 3833 Liv.
2076 3786 2122 3847 3,
2147 3788 2210 3833 64
2251 3786 2389 3846 (exi.
2416 3788 2571 3844 saon),
2611 3788 2723 3837 Liv.

398 3930 405 3936 ἢ
496 3874 624 3934 6,41
669 3871 755 3934 (ex
793 3878 914 3923 orat.
953 3875 1082 3935 App.
1124 3872 1344 3936 claud),
1381 3874 1493 3924 Liv.
1534 3876 1619 3936 34,
1642 3877 1671 3922 3
1712 3872 1807 3935 (or.
1844 3873 1948 3923 Cat.
1986 3886 2060 3935 pr.
2089 3873 2124 3923 l.
2153 3871 2324 3935 Opp.),
2366 3876 2416 3920 et
2453 3871 2585 3934 apud
2611 3887 2719 3935 par-

493 3961 702 4008 ticulam
739 3975 892 4024 quom
927 3959 1086 4022 (velut
1113 3960 1240 4011 Rud.
1273 3962 1400 4009 1248
1441 3975 1592 4024 quom
1630 3963 1802 4023 lusim,
1837 3978 1882 4009 v.
1911 3961 2096 4009 Luebb.
2135 3974 2182 4020 p.
2232 3962 2352 4018 84.).
2407 3959 2567 4008 Plaut.
2611 3960 2722 4008 Mil.

496 4049 594 4093 «3⁶24
623 4048 778 4110 (quod
801 4046 971 4110 faxis)
995 4063 1027 4096 n
1046 4063 1074 4096 o
1092 4063 1124 4097 n
1162 4063 1229 4099 co
1249 4051 1367 4098 niu
1394 4062 1467 4095 nc
1485 4050 1580 4097 tiv
1603 4064 1632 4096 u
1653 4063 1676 4097 s
1712 4063 1825 4099 cum
1854 4049 2050 4109 Brixio,
2087 4047 2172 4097 sod
2214 4045 2459 4095 ‘futuri
2495 4050 2722 4099 exacti

489 4137 510 4186 i
537 4150 568 4185 n
586 4135 617 4184 d
640 4137 655 4184 i
679 4154 703 4187 c
721 4141 864 4186 ativ
885 4152 916 4186 n
935 4139 973 4186 s’
1013 4144 1087 4187 est
1121 4136 1492 4199 agnoscendum
1532 4137 1720 4186 Lusbb.
1759 4150 1809 4197 p.
1837 4138 1919 4187 88.
