3116 4790
1450 355 1532 422 37

545 559 794 640 Quodsi
846 559 1022 647 apud
1082 561 1326 647 priscos
1385 570 1517 625 tam
1576 570 1940 626 constanter
1992 563 2260 648 perfecti
2303 567 2607 632 coniunc-

376 664 552 729 tivus
595 663 662 727 in
703 662 950 749 protasi
992 685 1192 749 prope
1236 664 1319 728 ad
1351 664 1558 729 futuri
1594 665 1811 730 exacti
1847 663 2379 750 significationem
2423 688 2607 732 acce-

382 766 498 847 dit,
545 765 628 829 ad
672 786 1069 830 communem
1115 787 1402 830 normam
1448 766 1867 851 redigendum
1912 767 2034 832 erit
2074 767 2195 833 hoc
2239 770 2602 857 exemplum

378 891 462 933 ex
504 868 879 932 coniectura
921 877 1170 933 ortum:

382 968 590 1034 Lucil.
636 969 756 1033 107
764 970 804 1034 5
846 991 980 1055 sqq.
1026 968 1287 1035 Lachm.
1334 967 1415 1033 101
1473 987 1571 1032 me
1630 969 1795 1033 scire
1847 969 1988 1034 volo
2046 968 2190 1052 dici,
2256 972 2414 1036 mihi
2468 992 2602 1038 con-

541 1071 716 1136 scius
767 1074 836 1136 ut
887 1071 1026 1153 sim,
1090 1069 1189 1136 Ne
1230 1070 1528 1137 damnum
1554 1068 1831 1152 faciam,
1894 1069 2058 1137 scire
2098 1070 2213 1138 hoc
2253 1072 2314 1137 si
2354 1075 2603 1140 nesciar

546 1178 603 1239 et
639 1192 738 1238 me
781 1170 863 1237 Id
904 1173 1032 1238 nisi
1073 1174 1239 1239 scire
1282 1173 1445 1239 alios
1489 1174 1825 1238 scierim
1866 1173 2047 1241 scire.

544 1275 687 1340 Hoc
746 1274 882 1341 loco
942 1275 1202 1341 scierim
1257 1275 1531 1360 positum
1590 1273 1850 1339 videtur
1914 1296 2030 1361 pro
2089 1275 2306 1342 sciam.
2405 1274 2604 1341 Codd.

376 1376 715 1464 praebent:
777 1375 905 1442 nisi
960 1377 1120 1443 alios
1169 1375 1239 1440 id
1281 1377 1446 1442 scire
1487 1379 1545 1441 te
1586 1376 1831 1456 scierit,·
1889 1376 1963 1443 L.
2007 1375 2279 1442 Mueller
2335 1377 2606 1442 coniecit

372 1484 464 1566 (p.
521 1480 666 1562 141,
705 1480 783 1544 72
827 1480 976 1565 sq.):
1040 1479 1358 1544 moechum
1417 1485 1582 1543 scire
1638 1479 1797 1546 volo,
1836 1514 1917 1525 -
1955 1478 2231 1544 dicemus
2249 1497 2271 1542 .·
2333 1480 2601 1569 consciu’

376 1600 516 1646 sum
558 1580 649 1645 mi
659 1599 681 1661 ;
729 1585 798 1648 at
840 1601 918 1646 ne
959 1580 1303 1666 dampnum
1324 1581 1605 1665 faciam,
1663 1581 1829 1647 scire
1870 1580 1983 1646 hoc
2025 1580 2145 1647 sibi
2187 1580 2507 1646 nesciat
2544 1582 2604 1645 is

376 1703 486 1749 me.
557 1683 665 1748 Ex
695 1684 839 1771 ipsa
868 1683 1343 1768 comparatione
1377 1683 1609 1747 harum
1645 1683 1985 1749 lectionum
2016 1683 2372 1771 intellegas,
2409 1704 2602 1770 quam

382 1787 624 1853 incerta
671 1787 754 1851 sit
795 1786 985 1852 huius
1027 1785 1150 1851 loci
1192 1785 1603 1851 instaurandi
1644 1786 1828 1852 rati0.

375 2061 516 2110 Trin.
558 2066 672 2115 157.
713 2064 833 2113 423.
872 2065 990 2114 561.
1028 2061 1228 2120 (Rothh.
1265 2077 1316 2126 p.
1357 2055 1472 2123 46).
1545 2062 1622 2111 De
1656 2061 1741 2110 his
1774 2065 1942 2110 tamen
1977 2059 2174 2112 duobus
2211 2062 2338 2111 locis
2373 2058 2603 2111 dubitare

373 2153 542 2212 possis
565 2161 580 2196 τ

552 2244 594 2288 1.
630 2240 773 2289 Asin.
832 2240 925 2287 106
979 2237 1187 2299 (Rothh.
1236 2254 1287 2302 p.
1339 2240 1403 2287 38
1439 2238 1579 2298 ΠΙ.);
1649 2239 1766 2287 Tun
1815 2237 2032 2288 redimes
2078 2253 2173 2302 me,
2223 2240 2269 2287 ei
2316 2253 2394 2287 me
2441 2239 2606 2290 hostes

374 2331 942 2386 interceperint?
996 2325 1095 2375 Sed
1132 2339 1242 2373 cum
1281 2325 1567 2375 antecedat:
1624 2325 1683 2374 Si
1726 2325 1864 2386 forte
1899 2328 1959 2375 in
1992 2325 2220 2375 insidiae
2271 2325 2601 2378 devenero

375 2416 460 2479 (de
496 2431 549 2465 re
587 2418 699 2467 crit.
735 2432 783 2465 v,
819 2416 1179 2466 Goetz·Loewe
1213 2417 1269 2466 in
1305 2416 1417 2477 ed.),
1453 2417 1604 2466 etiam
1639 2415 1713 2464 ibi
1748 2416 1841 2463 fut.
1878 2416 1943 2464 11.
1978 2416 2326 2477 praetulerim.

547 2507 594 2555 2.
634 2507 776 2554 Asin.
825 2509 929 2556 854
976 2504 1179 2569 (Rothh.
1213 2522 1262 2569 p.
1298 2509 1364 2556 53
1405 2503 1514 2566 vl).
1590 2506 1758 2568 Neque
1806 2504 1983 2553 divini
2030 2519 2190 2568 neque
2245 2507 2321 2553 mi
2379 2505 2603 2553 humani

337 2599 342 2604 '
371 2595 582 2656 posthae
609 2597 885 2658 quiequam
907 2594 1211 2654 adcreduae,
1245 2598 1292 2644 ai
1327 2596 1482 2643 huius
1506 2595 1585 2642 rei
1614 2608 1692 2641 me
1731 2592 2026 2643 mendacem
2063 2607 2165 2642 esse
2205 2596 2327 2643 inv
2343 2609 2368 2644 e
2386 2608 2465 2642 ne
2482 2596 2600 2642 rie.

374 2682 502 2731 Sane
527 2696 591 2731 ex
616 2683 784 2729 animo
807 2684 1035 2745 parasiti,
1072 2684 1159 2745 qui
1181 2682 1266 2733 hic
1287 2682 1524 2743 loquitur,
1549 2679 1685 2729 illud
1707 2681 2009 2730 mendacem
2033 2684 2264 2731 invenire
2289 2682 2433 2730 nullo
2455 2687 2601 2745 pacto

373 2767 433 2815 ad
459 2770 739 2818 realitatem
762 2774 967 2831 spectat.
1031 2769 1129 2818 Sed
1153 2771 1284 2819 conf.
1324 2768 1449 2817 cist.
1469 2770 1521 2817 11
1564 2772 1605 2829 1,
1628 2770 1688 2815 21
1719 2770 1796 2817 Di
1818 2783 1898 2818 me
1918 2770 2141 2831 perdant
2158 2776 2180 2818 1
2215 2804 2229 2819 .
2267 2802 2283 2818 .
2323 2802 2335 2815 .
2374 2772 2422 2819 ei
2449 2772 2601 2820 illam
2625 2787 2628 2792 ·

370 2872 580 2906 uxorem
616 2857 823 2908 duaeer
839 2873 868 2908 ο
896 2859 1030 2907 mihi
1051 2872 1302 2921 umquam
1338 2893 1349 2907 .
1377 2893 1390 2907 .
1415 2893 1427 2905 .
1453 2854 1476 2921 ΙΙ
1499 2858 1567 2906 Et
1595 2872 1692 2916 me,
1729 2860 1775 2907 ei
1798 2871 2047 2919 umquam
2074 2858 2174 2907 tibi
2202 2871 2409 2907 uxorem
2431 2857 2601 2920 filiam

373 2944 407 2992 d
424 2960 448 2993 e
466 2945 500 2993 d
516 2961 542 2996 e
557 2959 629 2994 ro
664 2958 846 2995 meam.
913 2945 1223 3007 Quamquam
1259 2946 1421 3007 igitur
1442 2945 1525 2995 hic
1549 2947 1678 2995 alter
1703 2951 1965 3007 asseverat,
2002 2946 2226 3009 puellam
2253 2960 2307 2995 se
2328 2959 2600 3009 numquam

373 3047 482 3083 ease
516 3033 800 3095 ducturum,
838 3035 963 3083 alter
1000 3048 1052 3081 se
1089 3046 1364 3095 numquam
1404 3032 1651 3094 daturum,
1688 3038 1855 3083 tamen
1883 3031 2196 3084 indicativus
2222 3038 2492 3095 usurpatus
2522 3039 2600 3083 est

370 3121 426 3169 in
453 3134 522 3183 re,
561 3133 687 3181 quae
714 3122 767 3169 in
801 3134 937 3169 mera
960 3122 1264 3182 cogitatione
1303 3127 1478 3172 exstat.
1550 3120 1769 3170 Omnino
1806 3127 1973 3172 autem
2008 3136 2032 3171 s
2049 3136 2076 3170 e
2092 3135 2230 3185 mpe
2247 3137 2273 3172 r
2307 3121 2600 3170 huiusmodi

373 3209 737 3258 obtestationes
758 3225 769 3256 ε
811 3210 868 3258 di
901 3224 979 3258 me
1007 3209 1247 3273 perdant,
1298 3213 1379 3260 nil
1413 3210 1701 3260 adcreduas
1750 3210 1820 3257 in
1839 3209 1869 3257 d
1888 3211 1951 3260 ic
1966 3223 1994 3256 a
2011 3215 2032 3258 t
2048 3210 2067 3257 i
2082 3224 2115 3257 v
2130 3223 2164 3258 u
2184 3223 2231 3257 m
2254 3253 2257 3257 .
2281 3210 2594 3272 adsciscunt3

372 3298 501 3347 conf.
558 3312 846 3361 numquam
898 3297 1105 3347 creduis
1141 3330 1158 3348 .
1195 3332 1206 3346 .
1248 3330 1264 3348 .
1300 3301 1361 3347 ni
1417 3301 1491 3347 in
1508 3302 1904 3347 tertraaeero
1967 3295 2173 3360 (Amph.
2239 3298 2385 3361 671),
2440 3312 2599 3361 neque

373 3388 639 3437 Duellona
690 3402 853 3450 neque
889 3387 1030 3436 Mars
1065 3389 1141 3435 mi
1187 3401 1437 3449 umquam
1471 3386 1703 3443 creduat,
1739 3389 1801 3434 ni
1836 3418 1852 3434 .
1890 3421 1902 3435 .
1941 3421 1955 3436 .
1999 3389 2170 3449 faxo
2220 3385 2419 3447 (Bacch.
2458 3384 2597 3449 847),

372 3490 662 3539 numquam
675 3476 806 3524 mihi
817 3478 1090 3538 quisquam
1105 3474 1321 3532 creduit,
1344 3476 1405 3523 ni
1426 3509 1438 3521 .
1465 3508 1479 3522 .
1502 3510 1513 3521 .
1537 3474 1572 3521 d
1586 3488 1610 3521 e
1624 3489 1663 3522 n
1678 3487 1749 3522 ar
1764 3488 1791 3520 r
1805 3489 1885 3523 av
1901 3487 1966 3524 er
1980 3488 2009 3522 ο
2027 3473 2190 3531 (Truc.
2210 3476 2345 3536 307),
2372 3475 2428 3523 di
2451 3474 2600 3524 deae-

372 3579 466 3628 que
491 3598 504 3612 .
525 3599 536 3613 .
565 3599 579 3612 .
617 3577 696 3612 me
729 3564 1059 3627 interficiant,
1093 3566 1200 3613 nisi
1233 3599 1245 3613 .
1283 3599 1296 3614 .
1332 3563 1790 3624 interfecero.
1862 3561 2034 3623 (Most.
2076 3564 2213 3624 192),
2254 3562 2369 3611 divi
2401 3577 2479 3611 me
2506 3563 2597 3624 fa-

370 3652 518 3699 ciant
568 3651 704 3714 quod
757 3654 965 3709 volunt,
1017 3654 1077 3699 ni
1119 3655 1166 3699 te
1223 3652 1520 3700 liberam
1539 3666 1585 3701 o.
1646 3650 1821 3712 (Most.
1875 3652 2014 3710 222).
2052 3672 2115 3683 —
2154 3650 2419 3699 Praeterea
2479 3651 2599 3698 haec

374 3736 666 3787 Catonis
716 3740 947 3800 exempla
979 3751 1080 3787 non
1118 3738 1268 3787 dubie
1306 3743 1532 3800 spectant
1566 3737 1628 3787 ad
1666 3740 1760 3787 fut.
1792 3740 1893 3789 11.:
1933 3741 1980 3788 ei
2019 3737 2144 3801 qaid
2178 3751 2271 3786 voe
2306 3772 2320 3787 .
2356 3773 2369 3787 .
2402 3740 2597 3801 fece·

370 3828 435 3875 ri
454 3828 508 3874 ti
526 3839 575 3884 e,
627 3825 770 3874 labor
803 3827 998 3875 recedet
1033 3829 1101 3892 (p.
1138 3828 1221 3889 38,
1256 3831 1311 3875 ll
1352 3826 1515 3889 Iord.),
1564 3827 1712 3889 siqua
1746 3859 1761 3875 .
1800 3858 1813 3871 .
1862 3826 2228 3887 feceritis,
2279 3825 2444 3874 abibit
2479 3861 2497 3878 .
2532 3860 2543 3872 .
2584 3861 2597 3875 .

373 3915 602 3963 manebit
622 3911 694 3976 (p.
721 3920 804 3977 39,
826 3913 890 3975 l),
929 3917 1109 3978 siquis
1146 3929 1265 3976 sup
1282 3929 1306 3962 e
1326 3914 1482 3974 rfue
1500 3916 1625 3976 rit,
1666 3916 1712 3962 si
1735 3916 1848 3977 quis
1874 3927 1981 3962 non
2008 3916 2081 3960 in
2098 3928 2170 3961 ve
2187 3926 2263 3960 ne
2282 3913 2399 3971 rit,
2437 3914 2598 3977 eyebit

373 4004 438 4064 (Ρ.
478 4005 560 4063 63,
583 4003 648 4065 1).
686 4025 751 4035 -
789 4002 932 4051 Adde
972 4002 1190 4066 denique
1230 4003 1359 4050 hunc
1394 4002 1733 4051 Varronis
1769 4004 1967 4052 locumz
2006 4002 2052 4048 si
2087 4014 2196 4049 non
2225 4002 2348 4062 plus
2384 4003 2595 4051 testicu-

372 4093 541 4139 lorum
578 4089 995 4152 offenderis
1033 4105 1188 4154 quam
1224 4095 1283 4141 in
1323 4096 1546 4142 castrato
1579 4105 1760 4155 pecore
1795 4095 1854 4141 in
1889 4091 2101 4153 Apulia,
2139 4090 2324 4138 vincor
2357 4103 2464 4139 non
2498 4104 2597 4139 esse

369 4183 663 4236 masculum
704 4178 774 4228 ad
808 4193 914 4229 rem
951 4178 1076 4241 (Sat.
1110 4179 1243 4231 Men.
1282 4181 1382 4228 369
1420 4178 1604 4230 Buech.
1640 4178 1827 4242 [XXIL
1862 4181 1919 4226 19
1955 4176 2159 4238 Riese]).
