3116 4790
1219 886 1527 1021 Caput
1586 886 2049 1020 primum.

971 1078 1067 1158 lle
1122 1076 1379 1159 formis
1433 1094 1563 1174 per
1618 1093 1656 1155 s
1710 1072 2036 1155 litteram
2090 1074 2301 1156 lictis.

688 1215 1101 1301 Quamquam
1158 1215 1401 1278 formae
1442 1236 1560 1298 per
1604 1234 1636 1275 8
1677 1211 1960 1276 litteram
2002 1212 2196 1277 fictae
2237 1225 2464 1299 suapte
2508 1225 2749 1279 natura

519 1317 799 1381 maxime
840 1317 1104 1384 idoneae
1142 1326 1325 1380 erant
1361 1315 1445 1379 ad
1480 1313 1891 1400 potentialem
1935 1314 2195 1379 modum
2234 1315 2749 1400 significandum,

521 1428 583 1481 et
629 1439 1021 1503 quamquam
1077 1438 1316 1502 magna
1369 1425 1464 1480 est
1508 1436 1732 1479 earum
1774 1415 2131 1500 frequentia
2174 1416 2242 1481 in
2286 1419 2589 1502 optando,
2651 1441 2752 1484 ve-

525 1519 743 1599 tando,
785 1519 1097 1584 similibus
1138 1517 1504 1596 structuriS,
1546 1525 1763 1580 tamen
1805 1517 2038 1580 mirum
2082 1525 2177 1579 est
2221 1538 2415 1601 quam
2459 1519 2750 1602 angustis

521 1619 808 1682 terminis
851 1616 1309 1704 potentialis
1353 1637 1577 1681 earum
1633 1638 1787 1680 usus
1831 1617 1914 1679 sit
1956 1616 2495 1703 circumscriptus.
2583 1620 2750 1684 Nam

523 1729 787 1802 praeter
810 1718 1042 1801 j'ctxim
1086 1727 1151 1781 et
1195 1720 1424 1798 ausim,
1481 1739 1648 1802 quae
1690 1718 1933 1782 formae
1981 1726 2160 1782 tanto
2204 1739 2395 1807 opere
2438 1721 2767 1785 invetera·‘

528 1830 758 1884 verant
799 1821 863 1882 in
908 1819 1259 1884 communis
1302 1818 1477 1883 vitae
1520 1818 2000 1899 consuetudine,
2059 1829 2131 1883 ut
2175 1822 2364 1887 etiam
2407 1831 2629 1906 postea
2673 1846 2753 1888 ne

525 1922 589 1984 in
631 1921 842 1986 soluta
887 1921 1145 2006 quidem
1190 1920 1478 1984 oratione
1521 1921 1713 2004 plane
1757 1931 2233 2002 evanescerent,
2295 1923 2363 1988 in
2404 1924 2752 1989 enuntiatis

521 2023 907 2087 absolutis
951 2022 1209 2088 brevior
1245 2021 1450 2083 forma
1485 2020 1829 2084 codicum
1869 2023 2227 2086 testimonio
2265 2045 2393 2087 non
2427 2022 2572 2107 plus
2608 2047 2752 2089 uno

518 2123 655 2186 loco
700 2121 1000 2186 Plautino
1063 2120 1506 2186 confirmatur:
1574 2119 1742 2184 hune
1803 2142 1955 2186 vero
2015 2122 2224 2186 locum
2266 2145 2306 2186 a
2350 2125 2581 2189 Plauto
2628 2147 2753 2190 non

523 2246 656 2290 esse
684 2223 1041 2308 profectum
1072 2222 1412 2288 verisimile
1440 2230 1535 2284 est
1564 2221 1766 2302 (Asin.
1797 2221 1955 2304 5033
2001 2246 2062 2287 v.
2094 2223 2306 2304 infra).
2351 2225 2749 2289 Paucissima

526 2338 739 2387 autem
799 2324 930 2386 alia
989 2322 1286 2409 exempla
1343 2346 1438 2387 ex
1482 2324 1978 2388 coniectura
2022 2345 2061 2387 a
2105 2326 2263 2389 viris
2316 2325 2519 2390 doctis
2566 2328 2753 2393 varia

521 2425 651 2489 fide
687 2427 752 2488 in
792 2435 1044 2489 textum
1082 2425 1192 2510 qui
1230 2435 1501 2491 vocatur
1537 2425 1739 2488 inlata
1775 2435 1937 2489 sunt.
2017 2424 2114 2488 Ae
2150 2447 2230 2488 ne
2256 2428 2324 2489 in
2367 2428 2750 2492 condicio-

521 2525 734 2591 nalib
751 2547 833 2590 us
887 2525 1144 2611 quidem
1197 2527 1568 2607 enuntiatiS,
1633 2526 1746 2591 ubi
1789 2527 2209 2611 praecipuum
2253 2527 2465 2592 locum
2510 2528 2751 2593 habere

523 2650 727 2711 genus
786 2625 1132 2711 potentiale
1183 2628 1439 2708 seimus,
1504 2627 1802 2711 frequens
1848 2639 1943 2691 est
1990 2627 2360 2694 breviorum
2400 2630 2750 2695 formarum

523 2749 691 2793 usus.
745 2727 945 2793 Cuius
988 2728 1081 2791 rei
1122 2748 1288 2812 quae
1330 2729 1413 2791 sit
1455 2749 1653 2793 eausa
1696 2728 1864 2792 infra
1907 2728 2288 2795 videbimus.

1586 2894 1668 2947 A.

639 3002 691 3069 l.
734 3003 1114 3066 Formarum
1161 3022 1327 3084 quae
1370 3010 1520 3065 sunt
1543 3001 1774 3082 faxim
1819 3013 1882 3066 et
1923 3009 2152 3086 ausim,
2202 3007 2300 3089 -is,
2341 3007 2418 3073 -z‘t
2457 3007 2753 3092 exempla

729 3105 797 3167 in
841 3105 1132 3169 oratione
1179 3102 1478 3168 absoluta
1519 3112 1671 3167 sunt
1713 3104 1876 3169 haee
1923 3106 2148 3171 obvia:

672 3208 730 3271 1.
756 3204 1021 3287 suzim:
1065 3228 1121 3271 a.
1165 3205 1230 3267 in
1274 3205 1394 3269 hae
1438 3203 1738 3290 loquendi
1774 3206 2052 3272 formula
2088 3209 2393 3292 positum:
2442 3210 2589 3276 bene
2616 3209 2752 3274 sive

773 3307 939 3373 male
979 3307 1190 3373 lubens
1215 3307 1474 3388 faxim:

522 3409 731 3475 Plaut.
778 3410 972 3475 Poen.
1018 3410 1100 3488 V,
1146 3408 1353 3488 2,131
1403 3408 1571 3472 male
1608 3408 1860 3487 faxim
1905 3410 2138 3477 lube-ns.

524 3508 673 3575 Ter.
720 3508 845 3576 Ad.
892 3508 1015 3573 886
1062 3508 1180 3572 tibi
1220 3507 1479 3574 Lubens
1521 3510 1669 3572 bene
1693 3509 1971 3590 faxim.

529 3610 627 3676 De
672 3610 946 3695 Adelph.
985 3635 1046 3677 v.
1094 3610 1219 3675 895
1262 3609 1411 3674 vide
1454 3610 1711 3694 infra1).

705 3787 743 3843 ¹)
780 3786 967 3833 Eadem
1020 3786 1234 3834 formula
1273 3787 1532 3833 invenitur
1583 3787 1636 3832 in
1678 3788 1937 3833 enuntiato
1978 3787 2189 3833 relativo
2226 3803 2235 3833 :
2317 3788 2428 3835 Aul.
2466 3789 2565 3832 «120
2602 3788 2751 3835 honio

525 3875 731 3921 nullust
771 3909 780 3921 .
821 3909 833 3921 .
873 3909 884 3922 .
924 3877 1044 3935 quoi
1082 3889 1170 3934 eyo
1209 3908 1220 3921 .
1260 3908 1272 3920 .
1311 3910 1320 3920 .
1357 3876 1490 3921 male
1533 3875 1654 3931 plus
1693 3875 1869 3922 lubens
1902 3877 2083 3936 faxim.
2158 3875 2253 3921 Sed
2292 3875 2368 3921 ibi
2406 3876 2751 3921 coniunctivus

523 3963 724 4023 positus
779 3968 856 4008 est
906 3967 1105 4022 propter
1154 3963 1440 4020 negativam
1490 3963 1815 4020 seutentiam3
1871 3963 1970 4007 iam
2026 3963 2157 4008 enim
2196 3963 2405 4009 Plautus
2456 3976 2650 4023 sempor
2701 3965 2752 4010 iu

527 4048 778 4095 eiusmodi
836 4047 1117 4094 enuntiatis
1166 4049 1542 4097 coniunctivum
1594 4047 1826 4096 adhibuit
1862 4050 1923 4105 (v.
1965 4048 2275 4097 Paetzolt
2327 4050 2477 4098 Beitr.
2516 4063 2600 4095 zur
2639 4050 2753 4097 hist.

525 4135 669 4200 Synt.
707 4134 753 4182 d.
790 4135 827 4181 l.
864 4133 973 4199 Spr.
1030 4133 1369 4196 Waldenburg
1406 4137 1550 4184 1875.
1589 4136 1669 4197 4.).
