3116 4790
1643 376 1727 442 84

750 583 827 646 In
870 580 1261 646 secundariis
1303 601 1456 645 sane
1497 581 1841 646 enuntiatis
1883 579 2077 665 paulo
2119 580 2313 646 latius
2348 589 2529 667 patet
2571 591 2786 667 poten-

583 683 753 748 tialis
795 683 965 747 modi
1007 703 1181 763 usus,
1219 703 1413 768 quam
1454 666 1519 746 in
1563 683 1916 767 primariis3
1960 683 2071 748 sed
2113 682 2206 748 ibi
2244 683 2620 770 plerumque
2661 706 2788 749 non

582 796 715 850 tam
758 785 1066 849 iudicium
1102 784 1361 871 aliquod
1392 785 1772 865 modestiore
1807 795 1871 850 et
1903 784 2248 850 urbaniore
2281 786 2467 852 modo
2505 787 2791 869 effertur,

581 909 775 974 quam
811 886 1253 952 coniunctivus
1291 888 1530 972 positus
1571 897 1664 952 est
1700 909 1815 973 pro
1860 886 2072 954 verbis
2115 887 2580 953 ‘auxiliaribus'
2626 889 2790 970 (sive

579 989 998 1068 ‘modalibus’)
1023 1010 1149 1053 non
1171 988 1372 1053 solum
1395 990 1651 1056 veniam
1681 989 1960 1071 [diirjen]
1986 999 2050 1053 et
2070 998 2445 1074 potestatem
2471 989 2789 1073 [ko-ranem,

579 1092 690 1157 sed
716 1093 908 1155 etiam
943 1090 1337 1157 voluntatem
1372 1091 1637 1178 [moyem
1675 1091 1951 1177 wollen],
1996 1093 2429 1157 necessitatem
2460 1091 2787 1179 [mussenffl

578 1194 858 1259 officium
884 1194 1125 1275 [sonan]
1146 1192 1683 1278 significantibus;
1713 1196 1874 1260 conf.
1890 1193 2102 1261 Plaut.
2120 1194 2301 1260 Trin.
2324 1197 2447 1259 715
2466 1194 2579 1262 Sin
2602 1196 2785 1262 aliter

580 1298 897 1363 animatus
927 1316 1010 1378 es,
1051 1297 1196 1362 bene
1232 1296 1396 1380 quod
1432 1317 1611 1382 aqas
1646 1297 1891 1362 eveniat
1922 1297 2091 1380 tibi1)
2119 1297 2160 1360 i.
2182 1318 2237 1363 e.
2266 1316 2405 1362 was
2433 1297 2519 1362 du
2546 1299 2639 1379 [in
2663 1295 2789 1360 Za-

577 1400 786 1481 kunst]
810 1398 961 1463 thum
983 1402 1242 1482 mayn,
1263 1398 1514 1466 willst.
1545 1398 1646 1463 De
1668 1399 2066 1464 coniunctivo
2086 1419 2232 1462 cum
2253 1399 2577 1483 particula
2602 1420 2787 1484 quom

576 1502 934 1567 consociato
996 1502 1192 1566 adeas
1250 1500 1600 1566 Luebberti
1659 1501 1862 1566 ‘Stud.
1904 1501 2193 1586 gramm.'
2253 1501 2378 1569 vol.
2426 1502 2512 1569 ΙΙ.
2596 1504 2787 1569 Prae-

577 1613 755 1668 terea
813 1603 1178 1679 conferendi
1236 1613 1386 1667 sunt
1437 1603 1516 1669 de
1556 1603 1962 1669 relativis
2017 1604 2360 1667 enuntiatis
2402 1604 2787 1670 Paetzolt

574 1705 615 1771 l.
658 1728 706 1771 s.
750 1727 819 1788 s.,
889 1705 971 1769 de
1030 1704 1365 1791 particulis
1421 1705 1586 1788 quod
1643 1715 1706 1769 et
1746 1706 1901 1788 quia
1943 1707 2140 1791 Aug.
2182 1705 2786 1770 Zimmermann

577 1813 816 1891 (progr.
861 1807 1134 1873 Posnav.
1173 1828 1230 1870 a.
1268 1808 1500 1890 1880),
1541 1808 1622 1872 de
1658 1807 1990 1893 potentiali
2029 1829 2175 1873 cum
2208 1808 2540 1893 particulis
2568 1810 2785 1894 potius

572 1930 763 1992 quam
820 1911 1037 1975 iuncto
1081 1910 1149 1976 C.
1193 1910 1404 1977 Roth
1425 1933 1459 1975 e
1501 1910 1955 1995 (Quaestiones
2014 1932 2282 1996 gramm.
2331 1912 2414 1976 ad
2460 1933 2646 1976 usum
2688 1912 2783 1981 Pl.

574 2022 636 2075 et
694 2011 842 2075 Ter.
901 2013 1115 2097 potiss.
1173 2022 1391 2097 spect„
1458 2035 1672 2098 progr.
1738 2012 1945 2078 Berol.
2005 2035 2061 2079 a.
2124 2013 2332 2094 1881).
2420 2006 2659 2079 Contra
2716 2016 2787 2082 in

572 2113 1010 2196 primariis
1069 2115 1418 2177 enuntiatis
1477 2137 1561 2178 ex
1616 2115 1979 2199 condicione
2035 2136 2162 2180 non
2219 2117 2539 2201 suspensis
2590 2112 2784 2203 quam

572 2216 728 2277 artis
785 2215 1071 2278 terminis
1133 2215 1575 2301 antiquissima
1633 2225 1846 2281 aetate
1900 2219 2255 2302 praesentis
2298 2218 2522 2283 modus
2564 2228 2785 2305 poten-

572 2315 741 2379 tialis
802 2315 998 2380 fuerit
1058 2318 1599 2403 circumscriptuS,
1661 2319 2097 2405 exemplorum
2152 2341 2192 2382 a
2232 2342 2334 2384 me
2378 2319 2786 2385 collectorum

570 2428 908 2504 conspectu
964 2417 1312 2484 inlustrare
1361 2421 1426 2484 in
1480 2423 1688 2485 animo
1735 2420 1947 2486 habui.
2032 2421 2157 2486 Sed
2203 2445 2281 2485 ne
2324 2424 2489 2487 iusto
2532 2423 2785 2509 longius

568 2519 966 2605 producatur
1012 2521 1393 2604 dissertatio,
1438 2523 1558 2588 hoc
1603 2525 1671 2589 in
1714 2523 1891 2588 aliud
1929 2519 2175 2608 tempu's
2212 2524 2631 2590 differendum
2670 2536 2781 2594 est.

739 2795 783 2858 1)
820 2795 949 2846 Vide
986 2798 1110 2845 Brix
1146 2813 1190 2848 a.
1230 2799 1278 2847 h.
1314 2800 1347 2847 1.
1410 2798 1550 2848 Gonf.
1600 2801 1751 2848 etiam
1788 2800 1925 2848 Trin.
1981 2805 2080 2849 348
2134 2815 2198 2851 ne
2244 2785 2419 2863 piyeat
2462 2802 2671 2863 fecisse:
2718 2809 2782 2851 ut

559 2886 737 2945 potius
769 2884 978 2944 pudeat,
1014 2890 1060 2935 si
1083 2902 1193 2936 non
1226 2887 1439 2949 fecerim
1481 2895 1570 2948 „ut
1601 2893 1791 2952 potius,
1828 2891 1905 2938 als
1927 2893 2074 2951 yinye
2097 2892 2310 2939 vorher:
2345 2906 2397 2940 so
2418 2894 2585 2953 weniy
2610 2890 2783 2954 dan-tet

564 2974 634 3020 du
659 2973 773 3021 dich
801 2973 1000 3035 c‘iryern,
1036 2975 1153 3023 dass
1179 2977 1250 3025 du
1274 2977 1393 3026 dicta
1419 2980 1664 3028 vielmehr
1690 2979 1927 3029 sche‘imcn
1961 2994 2013 3027 m
2031 2984 2105 3028 ᾶε
2122 2986 2218 3029 ste
2235 2996 2257 3029 s
2279 2983 2356 3041 t(
2357 2983 2439 3028 Po
2457 2982 2772 3041 tential)“

581 3062 704 3108 Brix
742 3076 785 3110 a.
822 3063 870 3110 h.
902 3064 953 3122 l.)
