3116 4790
1393 371 1480 436 63

317 571 627 656 scriptum
675 579 1023 656 posteaque
1068 593 1109 633 a
1150 571 1417 637 librario
1462 573 1527 635 in
1571 581 1944 637 contextum
1984 595 2117 637 esse
2150 575 2461 640 insertum
2485 576 2551 659 ¹).

315 671 439 736 Sed
500 683 651 737 utut
703 683 818 753 est,
881 682 1058 737 certe
1097 672 1304 737 forma
1330 671 1607 755 fecerim
1651 678 1792 759 (pro
1838 695 1968 759 qua
2013 674 2334 741 Dziatzko
2378 686 2554 742 recte

317 772 568 838 mavult
591 773 848 856 faxim)
895 796 934 837 a
975 774 1256 859 genuina
1303 776 1575 841 lectione
1619 786 1715 839 est
1758 776 1987 841 aliena.

474 875 533 940 8.
579 874 702 940 Ad.
748 875 869 939 827
915 875 1095 939 video
1138 895 1240 940 eos
1283 897 1531 962 sapere,
1583 878 1956 963 intelteyere,
2008 880 2076 942 in
2121 880 2251 944 loco
2309 879 2550 962 Vereri,

570 974 735 1040 inter
789 996 858 1040 se
913 996 1166 1042 amare:
1230 980 1420 1045 siris
1480 977 1746 1044 liberum
1800 979 2130 1065 Ingenium
2187 987 2373 1064 atque
2417 988 2553 1049 am·-

573 1096 787 1142 mum:
829 1081 1054 1162 quovis
1092 1079 1239 1144 illos
1281 1083 1353 1146 tu
1401 1079 1501 1145 die
1539 1080 1870 1150 reddata-as,

491 1177 660 1243 Siris
714 1181 874 1247 coni.
928 1179 1277 1265 Madvig
1327 1179 1530 1262 (Adv.
1585 1183 1727 1245 crit.
1770 1181 1857 1247 ΙΙ.
1908 1206 1970 1268 p.
2020 1184 2094 1246 21
2146 1192 2296 1271 sq.):
2362 1208 2552 1272 quem

317 1289 574 1344 secutus
636 1290 731 1344 est
774 1279 1204 1346 Dziatzko
1229 1333 1244 1363 ,
1308 1282 1431 1345 nisi
1489 1281 1660 1366 quod
1706 1280 1991 1366 praefert
2030 1284 2220 1349 sciris
2261 1285 2551 1368 formam,

318 1401 486 1464 quae
545 1381 823 1464 propius
889 1379 975 1446 ad
1039 1380 1168 1446 cod.
1242 1383 1633 1465 scriptwram
1701 1382 1935 1448 accedit
2007 1385 2179 1463 (adn.
2243 1388 2385 1450 crit.
2451 1387 2549 1453 ed.

317 1481 704 1550 Tauchnitz.
735 1502 793 1547 a.
830 1481 1034 1560 1884).
1083 1482 1161 1548 In
1190 1484 1645 1549 commentario
1677 1485 1825 1550 edit.
1850 1485 2172 1556 Teubner.
2217 1494 2301 1568 (a.
2331 1490 2549 1570 1881):

319 1583 502 1646 seiris
545 1582 708 1665 (fiir
750 1584 943 1663 siris),
994 1584 1224 1667 inquit,
1266 1582 1352 1648 ist
1383 1588 1619 1668 potent.
1669 1585 1968 1670 Perfekt,·
2021 1608 2085 1652 es
2108 1589 2285 1673 folyt
2315 1594 2551 1673 potent.

325 1682 645 1749 Praesens
687 1682 1087 1768 (redducas).
1176 1684 1380 1749 Addit
1421 1694 1667 1751 tamen:
1746 1687 1916 1752 Oder
1956 1688 2085 1753 wir
2127 1689 2328 1755 haben
2370 1690 2552 1754 seiris

318 1785 418 1849 als
450 1782 773 1850 Futurum
809 1780 1099 1850 exactum
1133 1785 1581 1868 aufmffassen‚
1624 1806 1709 1852 au
1699 1787 1764 1870 f
1770 1788 2033 1854 welches
2060 1788 2173 1854 der
2200 1787 2550 1873 Imperativ

302 1885 475 1970 jolqt
515 1891 603 1949 im
648 1884 842 1952 Sinne
885 1887 1056 1951 eines
1098 1883 1339 1952 Facturi
1380 1910 1433 1955 e.
1477 1910 1535 1972 q.
1580 1910 1628 1953 s.
1700 1888 1922 1953 scireet
1958 1888 2095 1953 cod.
2131 1888 2213 1969 A,
2256 1889 2421 1953 scire
2463 1894 2551 1953 est

320 2008 444 2052 rec.
490 1985 684 2052 Gau:
756 2007 950 2071 quam
1011 1986 1350 2051 lectionem
1408 1986 1694 2053 defendit
1736 1987 2095 2074 Spengel
2153 1990 2219 2053 in
2277 1989 2549 2076 Adelph.

320 2088 597 2153 editione
617 2087 700 2170 2);
767 2093 963 2152 scires
1015 2089 1174 2152 coni.
1220 2088 1702 2153 Lachmann
1750 2091 1967 2171 (Lucr.
2014 2114 2074 2175 p.
2122 2091 2301 2176 297),
2363 2114 2553 2178 quem

320 2191 524 2254 secuti
565 2199 716 2255 sunt
762 2187 1306 2272 Fleckeisen,
1347 2190 1933 2277 Umpfenbach
1977 2192 2105 2259 alii.

490 2290 693 2357 Haud
751 2290 952 2356 dubie
1008 2312 1236 2357 verum
1280 2300 1611 2356 assecutus
1658 2303 1751 2355 est
1798 2291 2296 2357 Lachmann.
2381 2293 2551 2357 Nam

319 2390 443 2457 loci
498 2393 815 2459 sententia
855 2393 1128 2479 requirit
1177 2392 1738 2479 ‘potentialem
1782 2394 2289 2479 praeteriti':
2368 2415 2552 2461 wema

317 2492 402 2555 du
440 2493 690 2576 yewollt
729 2495 970 2575 hcine-st,
1031 2494 1257 2559 hettest
1299 2494 1383 2559 du
1430 2495 1592 2559 auch
1636 2496 1736 2559 ein
1779 2495 2213 2581 lzochherziyes
2256 2494 2554 2562 Naturell

319 2592 644 2657 bemcrken
673 2594 921 2660 konnen
939 2594 1010 2677 3).
1074 2594 1154 2659 In
1184 2596 1452 2661 eandem
1480 2597 1862 2661 sententiam
1888 2619 1957 2661 se
1983 2597 2274 2662 iudicare
2308 2595 2551 2662 Lueb-

318 2693 510 2759 bert
570 2695 1021 2760 humanissime
1084 2718 1331 2761 mecum
1394 2698 1906 2764 communicavit.
1965 2735 2042 2745 —
2102 2698 2269 2763 Sane
2334 2718 2550 2782 saepe·

317 2818 584 2861 numero
630 2797 786 2882 perf.
830 2799 1276 2864 coniunctivus
1321 2799 1584 2863 siverim
1628 2800 1890 2881 (sierim,
1932 2799 2145 2879 sirim)
2180 2800 2420 2884 positus
2458 2809 2553 2863 est

319 2898 402 2962 ad
462 2898 755 2964 futurum
816 2899 942 2980 (vel
1002 2901 1336 2985 praesens)
1395 2900 1919 2985 significandum:
1986 2900 2097 2965 sed
2154 2922 2402 2986 semper
2457 2910 2551 2965 est

317 3000 597 3065 vetantis
641 3000 743 3066 vel
786 3003 1088 3086 optantiS,
1153 3024 1505 3087 numquam
1546 3002 1781 3067 leniter
1825 3003 2280 3068 contendentis.
2367 3002 2551 3068 Haec

321 3110 581 3166 exstant
621 3101 949 3187 exempla:

499 3347 536 3407 ¹)
573 3350 802 3399 Fortasse
852 3353 1017 3398 tamen
1061 3351 1163 3412 feci
1213 3353 1316 3397 erat
1350 3362 1641 3411 perversum
1687 3350 1935 3409 glossema
1981 3349 2042 3397 ad
2079 3362 2249 3399 vocem
2284 3355 2367 3400 ita
2403 3364 2550 3414 spec-

318 3442 464 3487 tans:
506 3449 603 3497 quo
640 3438 696 3483 in
734 3441 930 3486 textum
968 3437 1128 3484 inlato
1161 3438 1362 3496 faciam
1398 3435 1627 3499 (propter
1660 3436 1782 3499 feci)
1827 3441 2074 3485 mutatum
2112 3441 2189 3487 est
2226 3439 2282 3485 in
2312 3441 2550 3500 facerem.

319 3524 430 3573 Hoc
464 3525 632 3585 posito
671 3536 846 3573 versus
882 3526 954 3571 sio
988 3526 1093 3574 fere
1118 3524 1462 3574 restituendus
1487 3529 1597 3574 est:
1636 3524 1742 3585 Eyo
1767 3525 1860 3573 1260
1885 3525 2162 3575 homuncio
2183 3539 2293 3574 non
2308 3528 2552 3588 faciam?

321 3613 430 3673 Epo
466 3613 603 3662 {llud
641 3626 762 3662 vero
796 3613 874 3660 ita
908 3613 970 3661 άο
1012 3613 1204 3661 lubens.

497 3699 544 3762 2)
587 3701 722 3750 Scire
760 3706 920 3749 est:
943 3706 1061 3749 εστι
1096 3692 1326 3763 γνῶναι;
1368 3701 1453 3750 sed
1492 3703 1621 3751 conf.
1658 3701 1901 3750 Dziatzko
1939 3715 1981 3748 a.
2021 3700 2066 3749 h.
2103 3702 2134 3749 1.
2171 3722 2237 3734 —
2273 3701 2318 3747 A
2356 3700 2549 3749 Grae-

319 3789 422 3835 cis
464 3787 730 3850 desumpta
768 3793 843 3836 eet
882 3802 940 3837 ea
976 3790 1224 3837 infinitivi
1259 3800 1371 3836 cum
1411 3801 1530 3837 voce
1566 3794 1638 3837 est
1669 3790 1753 3846 (=
1782 3791 1910 3845 licet)
1946 3788 2270 3846 coniunctim
2325 3788 2382 3835 in
2419 3787 2550 3835 deli-

322 3877 423 3923 ciis
465 3880 570 3926 erat
607 3875 794 3925 Ovidio
834 3877 1053 3937 eiusque
1092 3877 1348 3926 inferioris
1385 3874 1630 3937 temporis
1665 3878 1848 3935 poetis.
1909 3872 2055 3921 conr.
2077 3886 2204 3933 quae
2230 3872 2357 3923 Dan.
2383 3872 2549 3921 Hein-

319 3965 431 4011 sius
471 3963 532 4011 ad
589 3962 739 4012 Ovid.
792 3970 884 4012 art.
925 3977 1016 4013 am.
1058 3964 1122 4022 11,
1163 3965 1227 4011 28
1268 3968 1316 4010 et
1352 3963 1580 4011 Roensch
1632 3963 1785 4025 (Itale
1829 3977 1875 4012 u.
1915 3962 2131 4020 Vulgata
2168 3975 2207 4011 s.
2247 3977 2292 4011 v.
2332 3965 2422 4019 est)
2457 3960 2548 4008 ad-

321 4057 572 4102 notarunt.

500 4138 543 4200 8)
581 4138 656 4187 De
694 4141 1098 4201 imperfecti
1134 4144 1286 4190 scires
1321 4140 1693 4200 significatione
1730 4139 1850 4188 vide
1885 4141 2037 4187 etiam
2064 4138 2326 4197 Draegerl
2348 4150 2398 4199 p,
2430 4137 2547 4189 308.
