3116 4790
1442 366 1517 433 11

368 567 565 634 Luor.
612 566 740 651 111,
764 568 893 632 444
948 573 1102 633 ae‘re
1155 568 1268 650 qui
1323 566 1546 632 credas
1594 587 1787 650 posse
1836 567 2001 633 hanc
2043 567 2383 633 cohiberier
2426 567 2601 634 ullo?

550 668 827 754 Corpore
868 669 976 752 qui
1017 672 1230 733 nostro
1272 687 1471 733 rarus
1513 673 1717 754 maqis
1758 670 1816 734 is
1857 669 2371 751 cohibessit1).2

537 770 835 854 Apparet
875 790 1088 833 omnes
1135 768 1246 833 hos
1279 768 1449 834 loeos
1489 778 1674 833 tanta
1716 769 2016 835 laborare
2051 770 2481 855 corruptione,
2528 777 2600 833 ut

368 881 613 936 eertum
661 869 971 935 iudicium
1014 870 1169 934 ferri
1212 880 1505 957 nequeat.

1432 1037 1511 1092 B.

536 1147 682 1211 Non
721 1144 919 1210 multo
956 1144 1156 1209 maior
1195 1152 1291 1208 est
1334 1143 1773 1229 exemplorum
1813 1167 2117 1211 numerus
2153 1147 2217 1209 in
2248 1145 2597 1209 enuntiatis

372 1244 934 1313 condicionalibus.

515 1346 566 1412 I.
614 1347 829 1432 Atque
886 1347 952 1409 in
1011 1345 1325 1431 apodosi
1382 1355 1642 1431 praeter
1695 1346 1922 1429 silwim
1989 1356 2052 1411 et
2113 1347 2285 1412 ausit
2345 1348 2596 1410 omnino

614 1468 964 1534 numquam
988 1449 1196 1532 posita
1220 1447 1478 1514 videtur
1503 1447 1761 1515 brevior
1787 1448 2011 1516 forma.
2057 1454 2345 1533 Namque
2374 1468 2597 1530 unum,

609 1549 782 1635 quod
859 1548 1097 1632 obstat,
1180 1548 1542 1635 exemplum
1622 1549 1783 1632 (Mil.
1864 1551 2023 1633 669)
2123 1547 2416 1615 Ribbeck
2494 1547 2594 1613 ob

620 1650 838 1715 alias
870 1672 1170 1716 causas
1204 1652 1494 1736 spurium
1531 1652 1864 1718 indicavit.
1934 1652 2145 1736 Atque
2180 1649 2340 1715 adeo
2364 1649 2596 1733 faxim

621 1749 870 1816 duobus
929 1760 1182 1817 tantum
1243 1752 1399 1817 loeis
1456 1753 1714 1818 obviam
1774 1753 1849 1816 fit
1903 1754 1935 1816 f
1946 1753 2147 1817 initi
2203 1752 2382 1817 verbi
2424 1751 2593 1816 loeo:

613 1860 900 1918 ceterum
932 1853 1099 1919 alter
1124 1853 1302 1919 loeus
1331 1856 1488 1919 satis
1523 1864 1618 1919 est
1649 1854 1884 1920 dubius
1908 1856 2182 1938 (Pacuv.
2207 1853 2333 1919 424
2353 1851 2594 1934 Ribb.),

617 1952 816 2020 altero
876 1963 1092 2020 autem
1151 1955 1325 2037 (Ter.
1371 1955 1493 2024 Ad.
1538 1957 1692 2035 895)
1744 1966 1807 2021 et
1848 1956 2226 2042 primarium
2274 1965 2336 2020 et
2375 1977 2594 2021 seeun-

618 2055 871 2120 darium
911 2058 1313 2122 enuntiatum
1349 2059 1554 2144 magis
1583 2069 1734 2125 sunt
1760 2058 2089 2123 sollemnes
2124 2057 2433 2122 cotidiani
2467 2078 2594 2124 ser-

616 2158 821 2221 monis
853 2158 1166 2224 formulae
1186 2158 1254 2243 2),
1290 2181 1482 2247 quam
1514 2182 1709 2226 verae
1734 2161 2086 2225 sententiae
2115 2157 2592 2244 hypotheticae.

611 2257 855 2323 Ceteris
892 2271 1105 2325 autem
1141 2262 1294 2326 loeis
1339 2262 1613 2327 verbum
1655 2262 1825 2348 quod
1871 2271 1965 2326 est
1988 2260 2215 2343 faxim
2254 2258 2338 2324 ad
2372 2258 2590 2324 fortio-

615 2379 751 2422 rem
812 2356 1299 2426 affirmationem
1359 2358 1760 2427 efficiendam
1819 2367 1927 2443 (z
1977 2360 2165 2425 dafur
2223 2359 2401 2426 stehe
2455 2358 2593 2445 ioh)

607 2461 1008 2545 parataetieo
1052 2485 1226 2528 more
1267 2464 1333 2527 in
1379 2464 1686 2548 apodosin
1730 2464 2038 2527 insertum
2083 2473 2178 2528 est
2196 2462 2262 2544 ³).

543 2583 600 2625 a.
624 2561 890 2643 faxim:

508 2668 560 2726 1.
604 2662 846 2727 Pacuv.
883 2663 1010 2726 424
1043 2662 1234 2729 Ribb.
1283 2667 1504 2748 topper
1546 2670 1766 2747 tecum,
1810 2667 1927 2730 siet
1957 2670 2260 2750 potestas,
2287 2666 2588 2747 faxsit:

605 2765 706 2827 sin
751 2783 989 2828 mecum
1036 2764 1185 2829 velit
1205 2764 1275 2845 4).

358 2861 505 2925 Ter.
553 2863 821 2949 Adelph.
867 2865 993 2930 895
1037 2867 1097 2929 si
1137 2866 1293 2950 quid
1331 2887 1489 2933 usus
1530 2867 1791 2948 venerit,
1837 2866 2092 2931 Lubens
2134 2867 2281 2932 bene
2304 2867 2583 2948 faxim.

504 2970 561 3031 2.
607 2965 817 3032 Plaut.
863 2967 1098 3053 Amph.
1142 2968 1257 3033 511
1313 2968 1524 3053 edepol
1570 2988 1645 3033 ne
1686 2969 1800 3034 illa
1841 2969 1899 3032 ei
1939 2967 2080 3033 istis
2116 2969 2303 3033 rebus
2337 2971 2394 3031 te
2428 2969 2587 3031 sciat

603 3085 865 3149 operam
919 3066 1103 3149 dare,
1168 3067 1303 3154 Eyo
1348 3069 1605 3153 faxim
1662 3069 1763 3133 ted
1816 3069 2343 3153 Amphitruonem
2397 3068 2586 3133 malis

604 3185 740 3230 esee
782 3185 975 3251 quam
1021 3167 1264 3237 Jovem.

349 3345 486 3407 quod
535 3345 768 3397 defendit
802 3350 965 3410 Bergk
1001 3351 1208 3414 Ephem.
1259 3352 1373 3400 Hal.
1420 3355 1551 3401 1842
1588 3364 1638 3413 p.
1678 3353 1798 3415 237,
1854 3352 2019 3400 oculis
2069 3355 2115 3399 te
2153 3353 2293 3399 axim
2330 3350 2584 3397 Duentzer

349 3431 490 3481 Diar.
529 3438 634 3483 ant.
674 3434 807 3483 stud.
852 3439 982 3485 1888
1023 3451 1075 3498 p.
1114 3439 1177 3485 57
1218 3451 1326 3498 sqq.

525 3518 563 3579 ¹)
601 3520 688 3571 Sie
724 3522 942 3583 Lachm„
991 3529 1156 3586 mayis
1204 3527 1535 3577 incohibescit
1584 3526 1730 3575 codd.
1790 3526 1917 3574 Sane
1968 3526 2152 3573 similla
2205 3536 2339 3572 error
2375 3523 2581 3585 saepius

345 3610 579 3671 occurrit,
617 3625 662 3660 e.
699 3624 746 3670 g.
785 3609 992 3660 osbern.
1029 3627 1081 3674 p.
1125 3615 1224 3660 328
1262 3615 1309 3672 b,
1350 3615 1436 3661 ubi
1470 3615 1657 3662 liceseit
1692 3626 1782 3675 pro
1819 3614 2010 3661 liceseit
2047 3612 2220 3674 (Asin.
2260 3613 2379 3669 603)
2418 3610 2580 3671 scrlp-

346 3701 453 3744 tum
492 3701 588 3745 est:
648 3710 807 3760 usque
842 3701 1073 3761 liquescit
1112 3700 1369 3762 Bernays„
1421 3701 1813 3762 incumbensque
1861 3706 1934 3748 est
1971 3700 2165 3759 Bergk„
2213 3702 2367 3760 inque
2406 3697 2581 3746 bibens

343 3789 419 3832 est
454 3784 616 3846 Polie,
651 3786 734 3832 m'l
767 3786 1033 3834 cohibes-sit
1070 3786 1464 3835 Bockemueller.
1829 3778 1839 3789 '

516 3868 567 3932 2)
602 3871 741 3922 Gonf.
779 3874 835 3921 P.
873 3874 1073 3933 Langen
1110 3874 1267 3924 Beitr.
1305 3889 1391 3923 zur
1432 3876 1608 3923 Kritik
1646 3889 1693 3926 u.
1734 3876 1868 3925 Erkl.
1909 3874 1956 3925 d.
1997 3874 2155 3923 Plaut.
2193 3887 2224 3934 p
2288 3874 2401 3920 1152.

514 3958 566 4018 ⁸)
603 3961 728 4008 Brlx
780 3960 841 4008 ad
881 3961 1020 4010 Trin.
1058 3978 1102 4010 v.
1144 3964 1261 4011 221.

521 4047 568 4109 4)
608 4046 759 4099 Gom
787 4052 870 4107 sit,
891 4048 1096 4109 faxitai.
1113 4049 1369 4112 Equidem
1393 4052 1602 4111 legerim
1623 4066 1635 4101 z
1664 4056 1844 4113 topper
1870 4057 2037 4100 tecum
2058 4053 2125 4098 sit
2148 4055 2367 4110 potestas
2387 4052 2576 4112 faxim,

346 4136 393 4184 si
430 4138 605 4185 tecum
639 4136 764 4184 velit
800 4136 953 4193 (Voss
1006 4137 1156 4190 coni.:
1207 4141 1379 4202 topper
1417 4143 1582 4191 tecum
1614 4142 1683 4189 eit
1717 4139 1952 4208 postidea
1987 4141 2174 4204 faxim,
2211 4141 2301 4203 si).
