3116 4790
1566 333 1653 399 30

666 534 898 600 Similis
951 544 1046 600 est
1098 535 1271 601 locus
1312 535 1524 600 Plaut.
1569 537 1802 603 Bacch.
1850 537 1972 604 363
2020 537 2190 621 Λα]
2199 558 2293 625 uq
2309 558 2439 603 ero
2484 539 2711 623 hercle,

500 643 559 702 si
600 638 801 722 mayis
841 655 999 702 usus
1039 641 1296 705 venerit.

667 740 760 805 Ut
783 742 1030 822 secem,
1105 741 1330 806 dedero
1384 741 1475 805 sic
1516 742 1708 805 etiam
1751 742 2095 808 verborum
2139 743 2379 808 eundi
2423 743 2713 808 futurum

500 841 587 910 ΙΙ.
625 842 815 908 valde
849 842 1094 929 placuit
1132 843 1418 908 comicis:
1462 844 1625 910 conf.
1664 867 1715 909 e.
1753 867 1813 930 g.
1841 844 2072 910 Bacch.
2108 846 2233 911 213
2262 846 2473 927 (immo
2509 846 2716 912 hercle

498 945 710 1010 abiero
743 946 1007 1029 potius),
1048 945 1194 1011 Ter.
1240 945 1362 1010 Ad.
1407 945 1526 1009 127
1574 946 1703 1028 (ah,
1745 947 1803 1010 si
1831 948 2073 1032 peryis',
2116 949 2325 1015 abiero
2346 948 2452 1033 ¹)).

664 1049 1011 1113 Praeterea
1074 1048 1140 1111 in
1211 1049 1678 1135 antiquioribus
1742 1049 2123 1115 editionibus
2190 1049 2519 1116 ferebatur
2583 1050 2712 1115 hoc
2810 1122 2818 1130 ,

501 1149 859 1235 exemplum
881 1149 962 1230 2);
1028 1149 1239 1215 Plaut.
1300 1149 1531 1214 Pseud.
1578 1150 1656 1216 37
1660 1152 1732 1215 6
1797 1149 1870 1217 Si
1910 1155 1978 1214 tu
2035 1157 2358 1238 arqentwm
2406 1151 2714 1233 attuleriS,

499 1255 696 1316 temam
726 1251 1224 1340 perdiderim
1245 1250 1462 1334 fidem.
1531 1251 1716 1318 Ubi
1696 1274 1825 1315 iam
1861 1253 2104 1369 dudum
2142 1256 2490 1321 secundum
2525 1255 2720 1321 libro-

502 1376 645 1418 rum
688 1353 878 1418 fidem
923 1355 1282 1420 restitutum
1330 1363 1449 1419 est:
1489 1354 1853 1439 perdidero.

1520 1604 1575 1680 ξ.
1622 1601 1680 1667 3.

680 1721 771 1777 De
804 1720 999 1776 activi
1035 1719 1303 1790 perfecti
1338 1720 1713 1776 coniunctivi
1745 1736 1866 1778 usu
1899 1721 1964 1777 in
2002 1737 2032 1777 s
2052 1721 2529 1778 ecundariis

973 1807 1438 1863 enuntiatis
1491 1808 2249 1866 condicionalibus.

668 1911 993 1975 Futurum
1040 1919 1339 1975 exactum
1382 1911 1832 1977 relativum
1867 1912 1907 1977 i.
1944 1935 1995 1978 e.
2033 1913 2598 1999 ‘praeteritum
2641 1911 2716 1975 in

500 2012 679 2077 futu
703 2013 807 2077 ro’
827 2013 879 2094 3)
935 2035 1050 2097 pro
1094 2021 1326 2080 natura
1378 2034 1497 2077 sua
1540 2016 1956 2100 praecipuum
1998 2013 2204 2080 locum
2248 2013 2444 2079 habet
2484 2015 2550 2077 in
2590 2011 2718 2076 illis

508 2116 849 2179 enuntiatis
892 2115 1303 2198 secundariis,
1345 2115 1579 2201 quibus
1622 2117 1914 2203 primarii
1956 2127 2204 2203 tempus
2242 2117 2533 2202 ratioque
2565 2113 2721 2180 defi-

505 2218 697 2282 nitur.
765 2216 980 2296 Quam
1022 2217 1103 2282 ob
1142 2240 1273 2281 rem
1309 2217 1430 2283 hoc
1465 2218 1668 2284 futuri
1693 2219 1780 2288 H.
1821 2242 2022 2304 genus
2052 2219 2413 2306 saepissime
2449 2217 2713 2283 obvium

504 2327 598 2382 est
639 2320 703 2380 in
747 2321 1073 2404 protasi
1118 2319 1693 2388 condicionali.
1780 2322 1947 2385 Nam
1990 2323 2290 2408 quoniam
2331 2321 2607 2407 protasis
2651 2329 2716 2383 et

504 2420 796 2507 apodosis
830 2421 1204 2508 plerumque
1234 2424 1301 2486 in
1336 2444 1413 2487 ea
1449 2423 1757 2488 relatione
1792 2434 1939 2489 sunt
1975 2425 2248 2509 positae,
2272 2434 2347 2488 ut
2374 2423 2487 2489 illa
2516 2442 2715 2488 causa

502 2521 608 2587 vel
651 2524 1181 2606 antecedens,
1249 2526 1411 2591 haec
1472 2528 1765 2591 effectum
1822 2527 1925 2591 vel
1980 2550 2478 2613 consequens
2520 2527 2721 2592 conti-

503 2636 670 2706 neat,
739 2626 984 2690 Latinis
1028 2630 1314 2694 severius
1359 2631 1665 2694 rationem
1713 2629 1981 2714 logicam
2026 2631 2385 2695 tenentibus
2423 2630 2716 2695 futurum

504 2725 593 2789 11.
621 2725 965 2791 admodum
1003 2740 1335 2815 acceptum
1370 2732 1568 2796 fuisse
1603 2742 2096 2796 consentaneum
2124 2740 2239 2811 est,
2281 2731 2393 2797 ubi
2429 2731 2716 2795 futuram

502 2828 935 2894 condicionem
1001 2832 1239 2896 actioni
1306 2834 1593 2918 primarii
1663 2834 1976 2897 enuntiati
2041 2833 2415 2898 antecedere
2480 2830 2717 2917 signifi-

503 2951 649 2994 care
691 2930 947 2996 vellent.

669 3031 790 3098 Oui
839 3033 1106 3119 tempori
1161 3056 1304 3099 cum
1365 3035 1816 3100 coniunctivus
1873 3035 2137 3117 deesset,
2198 3037 2264 3099 in
2320 3037 2454 3103 eius
2509 3036 2717 3101 locum

503 3134 729 3219 priscis
766 3134 1111 3201 videbatur
1144 3137 1467 3202 commode
1500 3137 1802 3203 substitui
1831 3139 2095 3223 perfecti
2124 3138 2566 3205 coniunctivus
2601 3159 2716 3223 per

682 3342 730 3405 1)
769 3344 906 3393 Cous.
947 3346 1162 3404 Draeger
1197 3348 1219 3393 1
1255 3360 1303 3407 p.
1343 3348 1463 3406 284,
1503 3347 1716 3395 Meifart.
1750 3361 1799 3408 p.
1837 3351 1866 3394 4
1906 3358 2012 3406 sqq.

679 3426 730 3493 2)
769 3432 936 3479 Etiam
971 3447 1000 3480 a
1036 3433 1292 3493 Madvigio
1329 3436 1361 3482 l.
1400 3449 1440 3483 s.
1479 3448 1522 3484 s.
1560 3450 1610 3497 p.
1656 3437 1751 3482 100
1796 3433 2030 3482 adlatum.

678 3518 728 3580 ⁸)
763 3519 900 3578 Quae
949 3524 1088 3569 notio
1144 3524 1366 3570 manavit
1403 3537 1465 3570 ex
1502 3523 1743 3583 temporis
1780 3523 1938 3569 futuri
1976 3520 2286 3569 absoluti
2320 3520 2543 3567 ratione:
2604 3533 2716 3566 nam

503 3608 736 3671 princeps
772 3622 826 3655 ac
860 3611 1063 3672 propria
1102 3610 1255 3658 futuri
1294 3613 1457 3660 exacti
1493 3612 1633 3658 notio
1667 3616 1743 3658 est
1778 3623 1847 3670 ea,
1910 3622 2008 3669 qua
2044 3609 2356 3666 significatur
2393 3608 2522 3656 actio
2550 3608 2715 3655 futuro

504 3704 724 3759 tempore
759 3699 978 3759 perfecta
1019 3699 1208 3745 ratione
1246 3699 1375 3746 alius
1417 3700 1630 3746 actionis
1658 3699 1737 3745 vel
1774 3698 2016 3759 temporis
2040 3709 2138 3743 non
2167 3696 2371 3746 habita:
2410 3695 2713 3743 Luebbert.1

504 3802 554 3849 p.
579 3789 673 3844 813
713 3786 842 3832 conf.
867 3799 917 3846 p.
945 3786 1007 3832 98
1041 3798 1142 3847 sq.:
1200 3785 1486 3846 Jedenfalls
1510 3788 1581 3833 ist
1609 3786 1689 3833 die
1726 3786 2028 3845 Vorhersayc
2058 3785 2183 3831 ohne
2225 3784 2490 3832 Racksicht
2514 3781 2615 3842 auf
2635 3782 2717 3829 die

504 3875 616 3921 Zeit
636 3875 773 3921 einer
791 3873 992 3920 andern
1009 3873 1294 3932 Handluny
1317 3874 1399 3922 die
1421 3875 1872 3935 urspriinylichere.
1897 3875 2001 3921 Der
2017 3870 2457 3933 Bedeutunyskem
2472 3872 2554 3919 des
2565 3870 2716 3931 futu-

504 3976 627 4009 rum
661 3966 889 4010 exactum
923 3965 995 4010 ist
1030 3962 1132 4020 der,
1191 3962 1308 4010 dass
1345 3978 1394 4010 es
1430 3963 1522 4009 das
1564 3962 1843 4010 vollendete
1878 3963 2002 4009 Scin
2037 3964 2096 4008 in
2131 3961 2211 4008 die
2247 3961 2481 4021 Zakuns't
2513 3959 2714 4018 verleyt.

507 4052 608 4098 Die
660 4050 883 4110 Zeitlaye
934 4050 1021 4097 der
1073 4050 1356 4110 Handluny
1408 4065 1501 4099 vor
1549 4053 1690 4099 einer
1742 4051 1938 4097 andern
1976 4051 2047 4096 iet
2094 4052 2247 4097 etwas
2294 4048 2466 4110 δρᾶτον
2513 4047 2715 4094 Hinzu-

504 4136 839 4190 hommendes.
