3116 4790
1440 341 1519 406 75

541 543 666 610 Sed
725 545 1000 631 primum
1054 554 1420 630 reputemus
1483 555 1732 629 oportet
1784 544 2222 610 Terentium
2279 544 2584 609 sermonis

371 647 869 713 conformatione
916 647 1183 714 testibus
1227 649 1530 714 Cicerone
1571 659 1632 710 et
1665 645 1940 720 Caesare
1976 646 2353 732 aequalibus
2388 646 2584 730 scrip·

372 750 620 816 toribus
664 749 1063 837 aliquantum
1107 750 1631 839 praecucurrisse
1674 759 1737 814 et
1782 748 1999 836 aliqua
2042 772 2126 813 ex
2160 759 2344 834 parte
2380 770 2585 814 acces-

369 853 525 916 sisse
577 852 661 916 ad
706 851 1025 917 Ciceronis
1078 855 1308 918 aetatis
1360 873 1728 918 sermonem.
1818 851 1898 917 So
1943 871 2128 937 yross
2182 850 2293 916 der
2364 848 2585 916 Unter-

371 954 584 1020 schied
623 954 932 1019 zwisehen
973 955 1084 1021 der
1121 955 1402 1041 Sprache
1445 953 1555 1019 der
1601 1002 1615 1018 .
1657 1007 1670 1021 .
1713 1007 1726 1021 .
1762 954 1973 1019 beiden
2020 952 2323 1018 Komiker
2366 956 2465 1034 z'st,
2506 973 2584 1016 so

372 1056 806 1123 bedeutend
861 1059 972 1122 ist
1028 1057 1493 1124 anderseits
1537 1055 1664 1119 die
1709 1052 2285 1120 Aehnliehkeit
2325 1055 2404 1117 in
2449 1053 2585 1118 der

371 1157 718 1224 Diktion
762 1159 892 1224 des
929 1159 1206 1227 Cicero
1240 1159 1399 1224 und
1442 1158 1832 1236 Teren21).
1887 1156 2076 1235 Quod
2119 1157 2318 1241 igitur
2355 1155 2585 1220 Teren·

368 1262 495 1327 tius
553 1263 619 1326 in
676 1263 1009 1347 potentiali
1070 1264 1252 1329 modo
1312 1260 1681 1346 usurpando
1740 1260 1989 1344 longius
2048 1281 2238 1345 quam
2298 1257 2407 1322 alii
2450 1258 2584 1323 eius

376 1363 607 1426 aetatis
664 1362 1004 1448 scriptores
1065 1365 1390 1448 processit,
1447 1362 1679 1426 mirum
1743 1384 1868 1427 non
1930 1371 2040 1428 est.
2134 1362 2221 1425 At
2278 1360 2388 1445 qui
2444 1357 2585 1423 fieri

376 1466 604 1552 potuit,
677 1475 750 1529 ut
800 1467 865 1529 in
909 1467 1122 1531 activo
1167 1487 1395 1550 genere
1437 1464 1595 1550 perf.
1636 1464 1971 1551 potentiali
2016 1486 2053 1529 r
2093 1465 2306 1529 littera
2348 1464 2582 1549 insigni

371 1567 740 1650 abstineret,
808 1568 1173 1632 admitteret
1228 1577 1451 1633 contra
1506 1569 1572 1630 in
1632 1570 1887 1653 passivo
1951 1567 2233 1632 eiusdem
2286 1567 2585 1651 temporis

369 1665 774 1758 potentialem
799 1671 832 1735 P
919 1670 1233 1757 Equidem
1278 1670 1404 1735 duo
1459 1670 1571 1734 illa
1614 1670 1908 1756 exempla
1952 1669 2149 1733 multo
2194 1669 2455 1754 propius
2499 1668 2583 1732 ad

370 1771 697 1858 perfecti
741 1773 1173 1858 praesentis
1216 1782 1515 1836 naturam
1551 1796 1744 1859 quam
1781 1774 1863 1837 ad
1896 1772 2199 1836 ‘historici
2232 1771 2580 1856 praeteriti'

369 1879 446 1957 (s.
505 1875 796 1958 ‘aoristi’)
858 1875 1269 1960 potentialem
1333 1877 1635 1941 accedere
1691 1895 1934 1939 censeo.
2035 1873 2289 1937 Etenim
2355 1872 2584 1957 prioris

369 1976 626 2064 quidem
683 1976 806 2041 loci
853 1977 1231 2041 sententiam
1277 1976 1443 2041 hanc
1496 1965 1631 2041 esse
1672 1986 1863 2062 puto:
1945 1973 2027 2040 In
2057 1973 2365 2060 jeylieher
2409 1971 2587 2058 Laqe

369 2098 512 2164 may
568 2079 670 2144 ich
725 2077 1163 2164 zeiohter-Duy
1214 2080 1345 2144 und
1393 2078 1567 2165 Truy
1624 2079 1694 2142 in
1743 2076 1988 2143 Geduld
2029 2079 2408 2159 ertraqen
2450 2074 2584 2139 ha-

368 2183 534 2264 ben,
579 2183 678 2248 als
717 2183 818 2247 ich
863 2203 927 2247 es
955 2184 1114 2267 jetet
1154 2183 1220 2246 in
1264 2183 1495 2249 diesem
1533 2181 1718 2249 Faue
1759 2185 2046 2264 ertraqen
2085 2177 2325 2246 witrde.
2394 2177 2584 2242 Prae-

368 2284 533 2348 senti
589 2285 787 2370 igitur
846 2284 949 2350 vel
1005 2283 1224 2350 futuro
1279 2308 1404 2350 non
1466 2286 1671 2349 utitur
1729 2284 1897 2348 Simo
1958 2305 2172 2362 senex,
2241 2281 2393 2368 quia
2454 2303 2583 2344 res

368 2386 898 2471 praeteritas
958 2392 1288 2474 comparat
1351 2412 1493 2453 cum
1553 2412 1640 2453 re
1703 2388 2082 2452 instanti.
2168 2384 2585 2468 Participium

370 2497 587 2553 autem
627 2488 892 2574 perfecti
936 2512 1079 2554 cum
1124 2488 1246 2553 sim
1285 2493 1700 2556 coniunctum
1746 2489 1829 2553 ad
1870 2510 2009 2553 eam
2047 2490 2360 2553 rationem
2395 2488 2584 2572 signi-

372 2588 692 2655 ficandam
740 2590 1037 2656 idoneum
1081 2591 1446 2674 videbatur,
1492 2595 1791 2679 quoniam
1836 2602 2085 2657 constat
2119 2614 2202 2656 ex
2237 2591 2585 2675 praeterito

370 2701 434 2757 et
475 2694 816 2779 praesenti.
878 2693 1091 2772 Quam
1136 2694 1217 2759 ob
1261 2716 1395 2758 rem
1428 2714 1668 2778 passus
1703 2695 1824 2757 sim
1861 2693 2069 2779 potius
2104 2692 2370 2779 perfecti
2404 2713 2588 2777 prae-

369 2797 612 2860 sentiae
655 2797 786 2861 vim
829 2796 1166 2877 adsiscere,
1224 2819 1417 2883 quam
1461 2797 1543 2861 ad
1588 2796 1791 2878 solum
1833 2797 2123 2861 futurum
2166 2805 2454 2881 spectare
2496 2796 2585 2859 vi-

370 2897 578 2962 detur.
664 2897 877 2978 Quam
944 2899 1259 2964 rationem
1321 2899 1511 2964 etiam
1569 2898 1805 2963 clarius
1872 2919 2245 2982 cognoscere
2308 2895 2453 2961 licet
2520 2897 2584 2958 in

372 2998 708 3085 Adelphon
751 3022 962 3065 versu.
1032 2999 1284 3064 Etenim
1323 3000 1569 3064 Demea
1613 3023 1809 3065 senex
1854 3000 2164 3084 Hegionis
2209 2998 2586 3085 probitatem

369 3101 890 3187 honestatemque
932 3100 1304 3167 collaudans
1352 3103 1663 3167 iudicium
1705 3102 1860 3166 facit
1894 3102 2239 3166 multorum
2273 3113 2584 3164 annorum

371 3204 775 3289 experientia
815 3203 1189 3289 probatum:
1254 3226 1423 3285 nam,
1481 3215 1553 3267 ut
1597 3207 1731 3291 ipse
1772 3205 1879 3269 illo
1924 3205 2059 3269 loco
2102 3206 2495 3290 pronuntiat,
2548 3226 2587 3267 a

371 3328 568 3392 puero
612 3306 1049 3371 familiaritate
1093 3307 1469 3371 coniunctus
1515 3317 1655 3371 erat
1701 3329 1846 3372 cum
1882 3308 2001 3373 hoc
2039 3308 2289 3373 homine
2326 3308 2589 3391 antiqua

369 3409 600 3475 virtute
671 3428 744 3474 ae
800 3409 939 3493 fide
995 3409 1086 3493 (v.
1148 3410 1317 3488 442).
1430 3409 1640 3488 Quem
1707 3412 1920 3476 virum
1979 3412 2215 3497 optime
2270 3420 2585 3475 moratum

370 3511 588 3577 futuro
618 3520 900 3598 tempore
924 3513 988 3577 in
1016 3511 1236 3576 eadem
1259 3521 1485 3593 mente,
1525 3533 1654 3597 qua
1683 3522 1873 3577 antea
1899 3513 2112 3593 fuerit,
2143 3520 2586 3597 perseveratu-

548 3788 589 3848 1)
627 3789 853 3840 Schmslz
893 3789 1120 3839 ‘Handb.’
1157 3790 1203 3838 11
1240 3805 1290 3853 p.
1328 3791 1444 3839 241.
1497 3813 1560 3823 —
1617 3792 1755 3839 Licet
1804 3790 2239 3852 potentialis
2291 3789 2413 3850 perf.
2452 3802 2583 3849 pas&

374 3879 506 3941 apud
558 3877 844 3927 Ciceronem
899 3892 998 3926 non
1052 3880 1345 3939 reperiatur,
1401 3885 1566 3927 tamen
1617 3882 1671 3927 in
1721 3880 2019 3928 vetando
2054 3879 2255 3941 saepius
2292 3879 2417 3938 perf.
2454 3890 2583 3937 pass.

372 3969 722 4016 coniunctivae
773 3981 862 4029 pro
899 3970 1147 4030 praesenti
1186 3971 1381 4030 positus
1419 3974 1520 4017 est:
1577 3982 1617 4015 e.
1654 3983 1699 4027 g.
1740 3982 1787 4030 p.
1826 3967 1955 4017 Mur.
1994 3969 2073 4025 31,
2106 3970 2169 4015 65
2208 3971 2487 4014 commotus
2525 3981 2587 4013 ne

373 4061 474 4118 sis,-
511 4058 643 4104 conf.
686 4056 891 4104 Kfihner
924 4057 979 4107 L.
1010 4055 1091 4104 Gr.
1120 4057 1167 4104 11
1206 4072 1251 4120 p.
1298 4057 1411 4106 1423.
1478 4057 1639 4116 Atque
1676 4056 1735 4102 ab
1774 4055 1946 4104 eodem
1985 4057 2037 4103 in
2074 4056 2290 4104 finali
2326 4054 2586 4103 enuntiato

374 4145 421 4196 d.
458 4146 542 4196 off.
580 4143 631 4194 ΙΙ
674 4148 736 4194 10
771 4144 872 4194 Sed
906 4158 969 4194 ne
1005 4147 1118 4208 quis
1155 4146 1223 4193 sit
1259 4144 1549 4195 admiratus
1586 4143 1775 4194 dictum
1804 4150 1878 4193 est
1901 4158 2022 4207 prot
2061 4158 2122 4192 m
2147 4146 2258 4205 quis
2282 4142 2581 4194 admiretur.
