3116 4790
1637 347 1718 411 70

571 549 801 633 si‘gnes.
885 546 1376 632 Respiciendum
1422 569 1577 612 sane
1625 556 1720 612 est
1763 571 1887 613 non
1933 547 2137 615 solum
2180 547 2374 613 rebus
2416 548 2509 614 ibi
2552 559 2788 615 tracta-

572 650 653 714 tis
694 650 970 713 maxime
1013 649 1352 716 convenire
1396 649 1727 715 iudicandi
1768 652 2081 717 rationem
2141 660 2400 718 cautam
2461 662 2523 717 et
2580 652 2788 718 mode-

571 760 805 832 ratam,
871 772 1095 816 verum
1149 751 1338 814 etiam
1393 750 1761 816 Ciceronem
1813 751 2114 839 longius
2169 763 2421 819 aetate
2474 776 2790 841 provec-

574 861 756 933 tum,
817 873 961 917 cum
1004 849 1327 917 scribendi
1369 873 1551 917 suam
1597 861 1796 916 artem
1839 854 1968 916 iam
2010 853 2199 939 plane
2239 856 2641 941 excoluisset,
2698 859 2786 925 ad

571 952 708 1019 illos
751 953 948 1019 libros
994 954 1479 1021 conscribendos
1522 977 1589 1021 se
1634 955 1991 1042 contulisse.

728 1056 822 1121 Ut
833 1056 1154 1122 Ciceronis
1176 1059 1269 1123 sic
1292 1059 1481 1123 etiam
1507 1058 1857 1124 Caesaris
1884 1058 2037 1124 libri
2061 1069 2310 1124 tantum
2333 1058 2572 1124 habent
2594 1058 2786 1124 urba—

570 1159 790 1222 nitatis
845 1167 907 1222 et
958 1158 1334 1244 elegantiae,
1398 1169 1472 1225 ut
1515 1180 1716 1245 paene
1759 1160 1973 1225 Attico
2028 1160 2174 1225 stilo
2217 1163 2610 1247 perscriptae
2652 1183 2791 1227 esse

571 1260 932 1327 videantur.
999 1261 1093 1326 Eo
1130 1264 1334 1348 magis
1368 1272 1579 1349 potest
1614 1265 1845 1328 mirum
1891 1264 2119 1346 videri,
2160 1264 2356 1351 quod
2401 1263 2590 1329 belli
2618 1263 2791 1330 Gal—

571 1362 705 1427 lici
761 1364 1173 1451 civilisque
1232 1364 1754 1430 commentarii
1815 1364 2107 1430 nullum
2154 1364 2478 1450 perfecti
2530 1373 2791 1450 poten-

574 1465 788 1530 tialis
832 1467 1256 1553 exemplum
1315 1468 1769 1534 exhibeant.
1858 1467 2052 1534 Cuius
2106 1476 2318 1531 tamen
2362 1467 2455 1531 rei
2498 1488 2663 1554 quae
2707 1469 2792 1531 sit

575 1570 740 1632 ratio
794 1590 916 1633 non
969 1570 1063 1633 ita
1106 1569 1364 1636 difficile
1406 1579 1501 1634 est
1543 1570 1823 1655 cognitu.
1909 1569 2075 1634 Nam
2121 1569 2329 1654 prim
2350 1591 2440 1633 ae
2482 1590 2790 1655 personae

575 1670 981 1756 potentialem
1039 1694 1119 1736 ne
1177 1673 1382 1757 potuit
1439 1671 1695 1759 quidem
1745 1692 1978 1757 ponere
2020 1672 2315 1757 scriptor,
2380 1673 2678 1758 quoniam
2721 1672 2789 1734 in

578 1773 956 1839 enarrandis
1015 1774 1207 1840 rebus
1250 1795 1290 1837 a
1333 1796 1400 1839 se
1439 1775 1575 1859 ipso
1620 1775 1813 1860 gestis
1857 1796 2103 1860 semper
2147 1775 2335 1840 tertia
2395 1775 2599 1840 utitur
2653 1797 2794 1859 per-

576 1898 759 1942 sona:
824 1877 1260 1967 primastad
1314 1900 1379 1942 se
1419 1878 1629 1964 ipsum
1685 1876 2205 1964 significandum)
2248 1898 2372 1941 non
2418 1878 2627 1962 posuit
2667 1876 2791 1941 nisi

574 1981 640 2044 in
686 1979 1049 2045 huiusmodi
1090 1981 1469 2044 enuntiatis:
1520 2002 1598 2044 ac
1642 1979 2012 2066 plerumque
2056 1987 2269 2043 exstat
2308 2000 2609 2044 numerus
2653 1977 2795 2061 plu-

576 2081 753 2164 ralis,
788 2082 992 2147 veluti
1010 2087 1082 2146 ut
1104 2102 1308 2168 supra
1335 2081 1901 2148 demonstravimus
1928 2080 2014 2163 (b.
2043 2081 2123 2147 G.
2150 2082 2229 2148 V.
2253 2103 2306 2149 c.
2335 2082 2434 2161 19,
2469 2079 2585 2147 VI.
2610 2102 2663 2147 c.
2688 2080 2793 2162 34,

577 2182 726 2247 VII.
768 2207 817 2252 c.
865 2184 992 2265 76),
1056 2185 1130 2249 de
1177 2185 1398 2269 quibus
1459 2205 1663 2269 supra
1710 2184 2081 2269 scripsimus
2126 2182 2233 2264 (ib.
2280 2183 2367 2246 ΙΙ.
2408 2183 2537 2264 15),
2600 2202 2792 2266 quam

580 2284 866 2368 [famam]
912 2304 1116 2370 supra
1149 2286 1471 2351 docuimus
1514 2287 1601 2370 (b.
1642 2309 1695 2355 c.
1741 2286 1861 2353 111.
1906 2309 1959 2353 c.
2004 2287 2113 2369 80)
2141 2285 2218 2367 1);
2265 2285 2582 2350 rarissime
2624 2308 2652 2349 s
2671 2286 2751 2351 in
2771 2320 2792 2332 ·

576 2387 903 2473 gularis
942 2390 1292 2457 invenitur:
1331 2390 1570 2459 Caesar
1603 2390 1703 2455 his
1742 2390 1817 2455 de
1852 2389 2083 2471 causis,
2119 2409 2280 2475 quas
2316 2387 2796 2453 commemoravi

578 2490 665 2571 (b.
704 2491 784 2559 G.
815 2492 931 2559 IV.
970 2516 1020 2558 c.
1061 2495 1198 2577 17);
1234 2513 1414 2577 quem
1446 2492 1825 2574 [Commium
1869 2491 2267 2573 Atrebatem]
2306 2510 2509 2575 supra
2549 2489 2792 2555 demon-

579 2597 938 2659 straveram
968 2616 1009 2660 a
1040 2594 1313 2660 Caesare
1334 2594 1402 2659 in
1420 2594 1832 2660 Britanniam
1847 2593 2280 2679 praemissum
2295 2592 2407 2675 (ib.
2426 2593 2556 2675 27).
2601 2592 2794 2671 Quod

582 2704 796 2760 autem
830 2698 1149 2762 secundae
1185 2707 1247 2761 et
1289 2698 1518 2762 tertiae
1557 2720 1867 2784 personae
1902 2697 2141 2762 desunt
2186 2695 2498 2781 exempla,
2542 2718 2623 2759 ex
2665 2716 2792 2759 ser-

581 2800 780 2863 monis
807 2801 1199 2885 proprietate
1222 2800 1410 2866 facile
1433 2801 1828 2887 explicatur:
1874 2800 2108 2868 Caesar
2138 2821 2342 2887 paene
2370 2796 2792 2883 Thucydideo

581 2921 755 2965 more
797 2911 892 2965 est
934 2903 1039 2967 ita·
1067 2901 1274 2968 verbis
1318 2907 1505 2987 aptus
1558 2908 1614 2968 et
1645 2923 1934 2990 pressus,
1997 2906 2067 2967 ut
2106 2901 2372 2983 nescias,
2433 2903 2644 2965 utrum
2685 2919 2792 2965 res

582 3002 883 3083 oratione,
949 3023 1034 3068 an
1096 3004 1288 3070 verba
1347 3008 1667 3071 sententiis
1715 3007 2127 3072 inlustrentur
2145 3005 2216 3086 2).
2303 3005 2527 3090 Neque
2571 3003 2796 3067 haeret
2884 3073 2890 3082 ,

581 3106 857 3190 scriptor
897 3106 963 3169 in
1005 3106 1198 3172 rebus
1235 3107 1594 3173 iudicandis
1638 3119 1701 3174 et
1736 3108 2258 3194 contemplandis,
2299 3105 2408 3171 sed
2444 3107 2587 3191 ipsa
2617 3105 2795 3170 facta

582 3208 766 3292 quasi
824 3206 1118 3274 locuntur
1176 3232 1402 3296 resque
1462 3211 1646 3297 quasi
1701 3219 2010 3296 gerantur
2055 3207 2174 3274 sub
2220 3217 2547 3294 aspectum
2590 3224 2795 3291 paene

581 3307 1007 3377 subiciuntur.

742 3411 900 3477 Cum
928 3413 1126 3497 igitur
1140 3411 1563 3477 Ciceroniana
1593 3422 1805 3477 aetate
1828 3404 2066 3476 nonita
2090 3409 2281 3479 valde
2302 3411 2797 3479 increbresceret

753 3686 802 3748 1)
841 3689 896 3735 In
932 3690 1270 3749 primario
1310 3690 1569 3737 enuntiato
1609 3688 1860 3737 eiusmodi
1898 3692 2049 3752 verba
2086 3689 2280 3737 duobus
2319 3696 2510 3738 tantum
2549 3691 2676 3737 locis
2712 3702 2796 3735 oc-

580 3781 809 3823 currunt:
847 3777 893 3824 b.
933 3792 973 3825 c.
1013 3777 1083 3824 lII
1118 3791 1161 3825 c.
1206 3779 1263 3823 10
1303 3778 1959 3825 Demonstravimus
1996 3776 2053 3822 L.
2083 3775 2366 3826 Vibullium
2396 3780 2589 3840 Rufum
2624 3779 2699 3826 bis
2735 3780 2794 3824 in

577 3870 879 3926 potestatem
910 3868 1198 3926 pervenisse
1235 3867 1467 3915 Caesaris
1478 3883 1497 3926 ,·
1535 3865 1659 3912 ibid.
1688 3882 1730 3915 c.
1762 3868 1815 3913 17
1839 3866 2037 3925 Quibus
2070 3867 2219 3916 rebus
2256 3881 2414 3930 neque
2440 3873 2549 3916 tum
2584 3881 2794 3929 respon·

582 3954 804 4002 dendum
845 3956 1028 4002 Caesar
1065 3956 1377 4003 existimavit
1413 3969 1572 4017 neque
1610 3968 1754 4001 nunc
1791 3960 1851 4003 ut
1875 3959 2146 4004 memoriae
2177 3957 2473 4018 prodantur
2509 3960 2633 4005 satis
2671 3972 2797 4005 cau·-

580 4057 662 4091 sae
695 4047 1036 4104 putamus.

756 4128 808 4193 2)
845 4130 948 4179 Cic.
990 4129 1036 4177 d.
1075 4144 1144 4179 or.
1178 4131 1226 4179 lI
1271 4132 1457 4192 13,56:
1500 4131 1586 4179 ubi
1624 4132 1682 4179 ad
1725 4131 2067 4192 Thucydidem
2105 4130 2157 4178 id
2195 4131 2436 4179 iudicium
2476 4138 2681 4193 spectat.
