3116 4790
1405 388 1481 457 21

337 590 525 657 Poen.
565 589 682 673 IV,
718 590 779 671 2,
806 588 890 654 55
933 592 1106 673 (877)
1151 593 1455 659 Animum
1514 594 1805 660 inducam
1846 598 2073 680 ‚facila
2136 602 2206 664 ut
2246 599 2354 665 tibi
2391 600 2552 667 istuc

507 691 779 774 credam,
822 696 893 756 ni
930 697 989 758 te
1029 716 1170 760 nov
1193 696 1404 763 erim.

336 792 568 859 Bacch.
610 794 733 858 678
781 791 901 859 Pol
940 799 1009 861 tu
1050 815 1239 881 quam
1283 818 1447 864 nune
1487 798 1626 863 med
1668 819 1923 865 accuses
1967 802 2189 887 maqiS,
2250 804 2310 867 si
2351 806 2552 891 maqis

504 913 637 959 rem
678 915 1020 965 noveris,

334 997 482 1062 Ter.
527 997 728 1062 Andr.
774 999 898 1075 914
939 999 998 1064 si
1039 999 1202 1066 hunc
1244 1003 1482 1067 noris
1524 1002 1704 1084 satis,
1749 1022 1872 1067 non
1915 1005 2005 1069 ita
2048 1005 2373 1074 arbitrere.

340 1099 543 1167 Andr.
589 1101 713 1165 652
760 1099 959 1166 Haud
996 1102 1156 1167 istuc
1196 1103 1389 1185 dicae,
1453 1104 1512 1167 si
1553 1103 1923 1189 eoquoris
1964 1105 2065 1170 vel
2104 1125 2200 1170 me
2239 1106 2338 1171 ve?
2382 1128 2547 1173 amo-

500 1222 635 1267 rem
673 1222 892 1269 meum.

336 1303 539 1369 Lucil.
587 1302 707 1367 723
748 1305 819 1368 L.
865 1324 1003 1368 cum
1048 1308 1453 1392 eoquoriS,
1497 1309 1694 1373 vitam
1735 1311 1870 1373 sine
1912 1327 2070 1373 cura
2111 1312 2347 1394 eaeiyaS.

500 1407 799 1473 Fortasse
832 1408 955 1474 huc
991 1410 1294 1495 pertinet:
1355 1408 1495 1476 Cat.
1542 1432 1603 1495 p.
1650 1408 1751 1489 36,
1780 1409 1818 1473 9
1861 1409 2029 1475 Iord.
2109 1409 2305 1476 Recto
2328 1411 2551 1494 fronte

334 1513 566 1574 ceteros
609 1511 788 1593 sequi
828 1511 887 1575 si
930 1511 1236 1594 norit1).

504 1611 793 1698 Denique
838 1614 917 1678 de
959 1613 1319 1678 Trinummi
1359 1635 1419 1677 v.
1465 1610 1587 1676 538
1631 1611 1836 1697 maqis
1877 1612 1946 1676 id
1987 1614 2182 1697 dicae,
2238 1618 2298 1680 si
2340 1621 2548 1682 omnia

343 1733 421 1778 ex
460 1734 551 1778 me
591 1714 1021 1781 audiveris
1065 1716 1171 1797 (=
1194 1712 1390 1797 scias)
1433 1713 1581 1778 vide
1622 1713 1790 1778 infra
1832 1715 1902 1780 B.
1947 1720 2001 1795 ξ.
2047 1715 2104 1784 3.

501 1926 576 1981 B.
621 1924 720 1979 De
767 1923 1086 1993 ‘perfecti
1127 1924 1468 1980 historiei’
1512 1924 1946 1983 coniunctim
1993 1926 2379 1995 potentiali.

1353 2041 1410 2117 ἓ.
1459 2040 1514 2105 1.
1595 2052 1600 2058 ’

864 2155 869 2160 “
980 2140 1315 2221 Quaedam
1353 2154 1864 2225 praemittuntur.

513 2255 607 2321 Ut
650 2258 915 2341 perfecti
970 2260 1255 2325 historici
1309 2261 1469 2341 (sive
1508 2258 1873 2341 ‘aoristi’²))
1917 2260 2139 2324 modus
2183 2261 2544 2345 potentialis

329 2358 675 2423 admodum
713 2363 998 2446 angustis
1036 2361 1268 2429 finibus
1298 2363 1471 2449 apud
1509 2363 1751 2449 priscos
1787 2362 2166 2443 continetur,
2206 2363 2295 2426 sic
2332 2384 2409 2426 ne
2449 2363 2545 2429 vis

327 2461 583 2547 quidem
631 2484 706 2526 ac
748 2474 987 2529 natura
1031 2466 1166 2528 eius
1209 2465 1376 2529 omni
1421 2488 1503 2529 ex
1546 2473 1732 2550 parte
1774 2467 2068 2551 congruit
2110 2487 2253 2528 cum
2287 2464 2546 2550 vulgari

325 2565 643 2630 inferioris
699 2568 929 2631 aetatis
974 2566 1461 2653 significatione.
1547 2567 1713 2630 Nam
1756 2588 1901 2631 cum
1946 2568 2093 2633 inde
2137 2588 2176 2629 a
2224 2565 2544 2631 Ciceronis

324 2665 474 2747 fere,
495 2676 710 2731 aetate
742 2668 1104 2752 potentialis
1150 2690 1187 2733 r
1223 2668 1440 2733 littera
1466 2667 1653 2733 fictus
1685 2668 1902 2733 eodem
1930 2691 2189 2733 munere
2216 2669 2545 2754 fungatur,

328 2790 456 2854 qua
510 2769 762 2854 priscae
817 2770 1057 2834 formae
1100 2771 1445 2853 sibilantes,
1515 2769 1722 2855 [velut
1776 2769 1948 2835 haud
1990 2772 2299 2856 neyassim
2341 2771 2543 2852 (Asin.

329 2871 479 2955 503)
525 2892 786 2956 prorsus
827 2872 992 2936 idem
1036 2872 1295 2938 videtur
1335 2894 1471 2937 esse
1516 2893 1593 2935 ac
1644 2889 1767 2935 non
1812 2874 2093 2956 neyarim
2135 2872 2340 2958 (apud
2383 2874 2544 2939 Var-

329 2994 545 3036 ronem
589 2995 639 3038 r.
676 2995 726 3039 r.
764 2972 1091 3060 2,11)]-
1118 2997 1242 3039 non
1283 2975 1430 3038 item
1475 2997 1608 3039 rem
1650 2998 1715 3040 se
1757 2975 1998 3040 babere
2041 2975 2328 3041 videmus
2371 2975 2543 3060 apud

332 3075 719 3159 antiquiores
763 3077 1115 3162 scriptores,
1205 3074 1479 3159 Quibus,
1545 3098 1691 3141 cum
1735 3077 1819 3141 ad
1861 3076 2036 3140 illam
2081 3076 2378 3161 temporis
2422 3078 2543 3140 ‘ao-

330 3178 486 3239 risti’
538 3176 905 3261 (brevitatis
963 3199 1160 3244 causa
1210 3179 1492 3244 condono
1535 3180 1695 3244 mihi
1738 3181 1853 3245 hoc
1895 3177 2309 3259 vocabulum)
2351 3178 2552 3242 notio·

329 3300 473 3343 nem
534 3279 915 3364 signandam
973 3280 1300 3348 breviores
1357 3284 1601 3350 formae
1646 3291 1895 3370 praesto
1941 3288 2164 3360 essent,
2231 3278 2544 3364 pleniores

329 3379 523 3444 alium
567 3381 631 3443 in
675 3403 859 3445 usum
891 3392 1265 3449 convertere
1300 3384 1500 3452 licuit.
1574 3383 1944 3450 Utebantur
1976 3382 2142 3446 enim
2173 3379 2295 3444 illis
2327 3380 2545 3444 formis

329 3483 645 3570 duplicem
690 3494 751 3548 et
797 3487 1128 3569 praeteriti
1172 3495 1234 3551 et
1269 3486 1470 3551 futuri
1505 3487 1821 3551 notionem
1858 3482 2420 3570 complectentibus
2466 3482 2543 3544 in

328 3587 793 3652 enuntiatis
858 3587 1583 3654 condicionalibus
1644 3610 1758 3674 pro
1814 3585 2146 3674 potentiali
2199 3586 2382 3651 modo
2425 3586 2545 3649 fu·

329 3700 355 3752 t
374 3691 506 3754 uri
543 3711 696 3755 exa
715 3690 859 3753 cti:
897 3690 964 3755 in
998 3691 1338 3775 protasi.
1352 3690 1608 3776 quidem
1636 3689 1720 3754 ad
1750 3691 2186 3775 ‘praeteritum
2214 3689 2282 3753 in
2307 3687 2542 3752 futuro'

329 3792 710 3858 modestiore
745 3792 928 3857 modo
957 3792 1459 3878 significandum,
1492 3794 1557 3858 in
1587 3792 1849 3879 apodosi
1878 3803 2093 3857 autem
2120 3791 2319 3856 variis
2346 3790 2545 3856 notio-

330 3896 540 3978 nibus,
607 3916 770 3981 quae
827 3895 1029 3959 futuri
1085 3896 1299 3960 exacti
1356 3896 1419 3959 in
1461 3897 1746 3981 prisca
1789 3895 2180 3980 potissimum
2224 3892 2543 3957 latinitate

506 4102 544 4161 ¹)
583 4103 735 4152 Deest
769 4103 1015 4167 apodosis.

502 4189 549 4255 2)
585 4192 647 4242 V.
685 4205 835 4254 supra
868 4207 916 4254 p.
956 4194 986 4239 2
1022 4204 1127 4253 sqq.
