3116 4790
1442 373 1525 439 53

538 571 710 637 bone.
778 569 1054 636 Multum
1098 574 1300 640 valete
1342 625 1355 638 .
1403 625 1415 643 .
1463 627 1476 642 .
1514 543 1706 639 Nimc
1749 575 1807 638 si
1839 576 2109 660 placuit,
2141 578 2452 662 plausum
2484 601 2599 664 po-

536 671 728 736 stulat
769 671 1101 741 comoedia.
1177 687 1182 693 “

539 772 824 837 Scaenae
863 773 1075 837 exitus
1113 773 1218 838 hic
1255 796 1325 838 eo
1362 773 1692 860 paulisper
1725 776 2121 858 retardatur,
2161 776 2331 863 quod
2375 777 2597 843 histrio

369 885 601 941 exacta
648 874 975 938 comoedia
999 875 1047 955 1)
1091 885 1482 961 spectatores
1526 876 1745 942 valere
1788 887 1853 941 et
1894 877 2206 963 plaudere
2244 877 2443 946 iubet.

537 977 772 1041 Nostro
827 998 980 1042 vero
1043 976 1486 1040 Asinariae
1544 975 1680 1042 loco
1739 978 2193 1042 retardationis
2250 1000 2448 1044 causa
2502 990 2598 1044 est

369 1077 568 1142 nulla.
657 1076 845 1156 Quae
890 1099 1036 1142 cum
1087 1078 1179 1140 ita
1221 1079 1369 1159 sint,
1423 1077 1694 1142 Plautus
1739 1080 1910 1145 Asin.
1955 1079 2249 1145 versibus
2292 1081 2409 1145 491
2462 1102 2596 1165 sqq.

367 1181 500 1244 sine
559 1178 756 1245 dubio
813 1200 1112 1244 scaenam
1172 1200 1298 1243 non
1341 1177 1570 1245 finivit.
1659 1178 1829 1243 Sane
1872 1179 2081 1245 Goetz
2122 1179 2240 1245 hoc
2282 1182 2347 1243 in
2390 1182 2595 1246 medio

366 1281 643 1367 reliquit,
690 1291 910 1346 utrum
962 1303 1043 1344 ex
1088 1282 1303 1365 priore
1347 1282 1735 1361 recensione,
1778 1302 1861 1344 an
1909 1304 1991 1346 ex
2032 1283 2379 1366 posteriore
2421 1303 2595 1367 repe-

366 1383 540 1447 tendi
595 1383 723 1446 sint
777 1381 871 1445 illi
927 1403 1171 1450 versus.
1259 1382 1384 1446 Sed
1444 1404 1516 1446 eo
1573 1383 1733 1468 ipso,
1803 1383 1973 1468 quod
2032 1393 2177 1468 post
2241 1384 2595 1448 indicatum

376 1505 649 1551 scaenae
693 1481 880 1550 finem
927 1483 1063 1565 (vv.
1094 1483 1238 1549 488.
1275 1483 1428 1566 490)
1475 1485 1534 1547 ei
1576 1482 1866 1549 collocati
1908 1493 2079 1566 sunt,
2122 1486 2435 1569 posterior
2475 1485 2596 1550 ori-

367 1576 514 1672 gine
553 1586 812 1651 videtur
847 1583 1233 1651 confirmari.
1309 1586 1602 1667 Accedit,
1646 1586 1816 1671 quod
1858 1585 2246 1671 quibusdam
2290 1587 2594 1651 sermonis

370 1684 872 1773 proprietatibus
915 1686 1201 1770 suspicio*
1236 1695 1548 1752 movetur.
1625 1686 1722 1751 Ac
1764 1687 2042 1771 primum
2087 1690 2595 1755 animadverten-

368 1790 522 1854 dum
581 1797 677 1852 est
733 1809 772 1850 a
831 1788 1055 1873 priscis
1112 1786 1534 1870 scriptoribus
1575 1787 2056 1855 coniunctivum
2102 1788 2377 1854 dixerim
2419 1788 2593 1855 nullo

365 1892 491 1955 alio
536 1890 674 1955 loco
722 1891 869 1955 voci
909 1910 1078 1975 quae
1121 1898 1216 1952 est
1247 1887 1650 1971 praefiscini,
1715 1908 1773 1952 -e
1816 1911 1951 1953 esse
1993 1890 2331 1958 adiectum.
2419 1892 2594 1976 Apu-

361 1994 523 2058 leius
559 1992 816 2057 demum
850 1991 1042 2056 semel
1077 1991 1290 2076 posuit
1320 1989 1723 2073 praesa-seim
1760 1994 1943 2070 [nonz
1977 1991 2381 2076 praefiscini]
2423 1991 2593 2057 dime-

362 2097 486 2160 rim
506 2093 589 2176 2)τ
634 2093 783 2160 vide
822 2114 1020 2177 supra
1059 2115 1119 2177 p.
1157 2093 1237 2155 47
1276 2115 1365 2177 sq.
1412 2102 1538 2157 not.
1588 2092 1644 2159 2.
1718 2093 2067 2156 Praeterea
2103 2095 2310 2159 nescio
2344 2115 2427 2157 an
2462 2116 2593 2160 vox

367 2217 533 2282 quae
578 2205 673 2260 est
711 2193 1004 2276 fortasse
1046 2197 1178 2274 (vv.
1225 2193 1368 2258 493.
1410 2192 1556 2258 499.
1604 2193 1753 2272 502)
1810 2216 2159 2280 numquam
2206 2216 2245 2258 a
2286 2195 2593 2260 scaenicis

363 2299 427 2365 in
486 2296 655 2362 hunc
712 2296 972 2361 modum
1033 2294 1324 2360 absolute
1377 2296 1416 2357 i.
1475 2318 1526 2361 e.
1587 2295 1761 2360 nullo
1817 2294 2015 2361 verbo
2076 2297 2322 2362 adiecto
2382 2298 2592 2381 posita

364 2401 448 2464 sit
467 2399 535 2482 3).
617 2400 833 2485 Atque
865 2420 906 2460 a
936 2395 1169 2462 Plauto
1209 2398 1402 2461 etiam
1433 2397 1560 2462 hae
1591 2397 1941 2463 locutiones
1978 2398 2223 2462 alienae
2258 2399 2589 2465 videntur:

362 2501 705 2586 capitulum
737 2500 850 2564 hoc
873 2524 954 2557 =
980 2519 1085 2583 eqo
1104 2498 1158 2582 ⁴)
1193 2502 1282 2581 (V.
1310 2499 1486 2581 496),
1523 2498 1799 2564 secunda
1833 2499 2029 2564 alicui
2044 2499 2275 2582 facere
2304 2501 2393 2583 (v.
2419 2502 2591 2582 496),

361 2603 637 2686 aliquem
669 2620 747 2664 ex
785 2600 910 2665 alio
940 2601 1310 2685 percontari
1346 2601 1440 2681 (v.
1473 2599 1645 2679 503).
1701 2601 1890 2665 Adde
1918 2600 2213 2686 denique,
2250 2603 2420 2686 quod
2449 2626 2589 2669 ver-

360 2727 467 2769 sus
509 2704 634 2768 492
679 2713 741 2766 et
785 2702 903 2767 501
953 2703 1135 2766 iustis
1173 2702 1452 2766 numeris
1488 2712 1730 2767 carent.
1774 2737 1848 2749 —
1889 2701 2191 2766 Ceterum
2225 2702 2328 2766 fac
2365 2725 2589 2770 versus

361 2806 441 2871 de
486 2805 720 2892 quibus
764 2804 1099 2889 quaeritur
1145 2825 1183 2865 a
1212 2803 1505 2867 Plauto
1552 2825 1687 2867 esse
1716 2804 2024 2888 scriptos:
2070 2826 2149 2867 ne
2179 2804 2297 2869 hoc
2332 2805 2590 2889 quidem

365 2910 573 2994 posito
620 2906 1012 2972 coniunctivi
1056 2903 1329 2969 dixerim
1382 2906 1544 2973 ratio
1590 2904 1718 2988 legi
1763 2927 1801 2968 a
1843 2904 2029 2970 nobis
2072 2906 2457 2971 constitutae
2500 2926 2591 2968 re-

362 3021 627 3094 pugnat.
709 3008 876 3071 Nam
920 3009 973 3069 si
1015 3006 1316 3070 subtilius
1369 3008 1431 3067 in
1476 3028 1612 3070 rem
1655 3007 1957 3092 inquireS,
1997 3006 2380 3072 locutionem
2424 3028 2593 3091 quae
2656 3003 2662 3008 ⁹

367 3120 462 3175 est
499 3108 882 3195 praefiscini
939 3107 1211 3171 dixerim
1254 3107 1467 3171 >multo
1512 3109 1776 3192 propius
1822 3108 1905 3172 ad
1950 3110 2413 3193 optativam
2457 3130 2590 3171 sen-

363 3211 630 3277 tentiam
680 3230 873 3294 quam
919 3208 1002 3272 ad
1050 3207 1541 3273 affirmationem
1579 3207 1958 3272 modestiore
1995 3208 2179 3273 modo
2218 3208 2455 3273 elatam
2493 3229 2593 3273 ac-

540 3456 580 3514 l)
618 3457 695 3505 De
734 3454 926 3515 duplici
963 3455 1176 3502 Poenuli
1216 3455 1359 3502 exitu
1397 3453 1515 3501 vide
1557 3453 1756 3503 Goetzii
1802 3459 1850 3503 et
1884 3455 2075 3503 Loewii
2113 3469 2225 3517 app.
2264 3456 2519 3505 criticum.

537 3542 580 3601 2)
616 3544 791 3591 Possis
829 3543 1028 3591 obicere
1055 3543 1330 3604 Apuleium
1368 3543 1428 3589 ab
1468 3544 1580 3604 ipso
1604 3543 1780 3591 Plauto
1817 3542 1944 3592 hano
1980 3544 2287 3591 locutionem
2325 3543 2590 3606 depromp-

362 3635 504 3682 sisse.
577 3631 676 3681 Sed
729 3632 820 3678 hoc
872 3634 1094 3690 tempore
1146 3636 1339 3679 constat
1390 3631 1665 3693 Apuleium
1718 3633 1772 3678 in
1810 3631 2093 3679 elocutione
2131 3630 2411 3689 effingenda
2445 3633 2592 3692 plura

362 3720 640 3781 sumpsisse
680 3718 741 3767 de
778 3718 1058 3777 vulgari
1094 3716 1241 3764 illius
1295 3719 1480 3766 aetatis
1524 3731 1767 3780 sermone,
1817 3732 1965 3778 quam
2001 3733 2029 3765 a
2065 3720 2323 3780 priscis
2362 3721 2590 3778 scrip-

361 3807 644 3856 toribus.
718 3805 904 3854 Vocem
954 3810 1119 3854 autem
1171 3819 1297 3865 quae
1337 3810 1413 3854 est
1459 3809 1785 3868 praefascine
1821 3808 1881 3854 ab
1917 3806 1998 3853 his
2034 3811 2310 3854 mutuatam
2347 3819 2446 3853 non
2483 3819 2589 3854 esse

362 3895 482 3944 inde
533 3896 772 3954 firmatur,
828 3892 961 3953 quod
1015 3894 1164 3942 etiam
1199 3893 1605 3955 PetroniuS,
1663 3895 1991 3953 gravissimus
2043 3894 2266 3953 vulgaris
2319 3894 2589 3943 latinitatis

364 3988 547 4041 auctor,
588 3996 644 4030 ea
680 3994 797 4028 voce
835 3994 956 4029 usus
991 3986 1081 4029 est.

538 4068 582 4127 3)
618 4070 677 4116 In
713 4068 925 4115 Ennii
963 4069 1194 4129 reliquiis
1232 4082 1331 4116 vox
1361 4072 1585 4131 fortasse
1622 4080 1893 4127 numquam
1928 4070 2200 4117 invenitur.

538 4157 582 4219 4)
623 4159 767 4206 Alibi
807 4164 964 4221 caput
1001 4160 1073 4207 ita
1111 4163 1404 4219 usurpatum
1444 4157 1734 4217 invenitur;
1776 4157 1902 4206 conf.
1942 4157 2131 4206 Lorenz
2168 4157 2231 4205 ad
2256 4155 2435 4206 Most.2
2474 4161 2590 4205 244.
