3116 4790
1470 372 1555 440 45

396 576 700 641 orationis
742 576 1187 663 implicatione,
1244 577 1354 642 sed
1398 578 1730 665 potentiali
1775 579 1958 644 modo
2001 581 2277 667 positus)
2324 591 2621 648 statuen-

400 677 523 743 dus
567 679 822 743 videtur
867 680 955 743 eis
998 679 1172 762 locis,
1214 679 1326 744 ubi
1368 681 1640 766 protasis
1681 691 1796 744 aut
1825 682 2142 747 antecedit
2178 693 2292 746 aut
2327 684 2621 771 sequitur

399 792 599 846 totam
646 785 1171 847 enuntiationem:
1236 784 1476 848 initio
1520 784 1686 850 enim
1729 782 2305 868 comprehensionis
2350 784 2613 871 obliqua

399 885 708 951 orationis
741 885 1089 970 implicatio
1120 885 1328 950 animo
1364 884 1678 972 loquentis
1716 886 1820 950 vel
1856 885 2191 951 scribentis
2215 887 2494 951 nondum
2537 887 2626 951 di-

400 986 640 1052 stincta
681 986 1186 1071 obversabatur3
1255 1010 1370 1053 nec
1426 988 1635 1052 minus
1692 987 1843 1052 laxo
1890 986 2145 1053 vinculo
2188 988 2621 1054 condicionem

399 1089 683 1155 ultimo
728 1090 864 1156 loco
898 1091 1214 1156 adiectam
1244 1113 1389 1155 cum
1425 1090 1770 1155 verborum
1807 1089 2244 1175 complexione
2277 1090 2624 1156 cohaerere

401 1217 485 1259 ex
545 1195 687 1280 ipsa
742 1215 815 1258 re
869 1194 1271 1280 perspicitur.
1322 1227 1399 1241 —
1442 1193 1712 1257 Prima
1755 1192 2145 1258 coniunctivi
2180 1193 2445 1278 perfecti
2486 1215 2630 1278 per·

402 1317 558 1361 sona
578 1297 819 1381 protasi
842 1295 1265 1380 praecedente
1289 1317 1638 1382 numquam
1662 1296 2010 1376 invenitur,
2039 1296 2375 1382 quinquies
2399 1304 2626 1361 contra

403 1397 646 1482 protasi
705 1398 1104 1462 enuntiatum
1160 1396 1529 1462 claudente:
1607 1396 1817 1461 Plaut.
1872 1397 2058 1463 Most.
2106 1397 2229 1461 922
2271 1397 2625 1483 (dederim),

401 1500 632 1567 Pseud.
678 1501 759 1566 93
804 1499 1156 1584 (dederim),
1196 1499 1374 1567 Trin.
1416 1500 1541 1564 695
1587 1497 2008 1583 (acceperim),
2047 1498 2224 1565 Trin.
2267 1502 2388 1565 755
2417 1500 2622 1584 (diaee-
2721 1488 2727 1495 ⁴

402 1602 576 1683 rim),
619 1602 765 1667 Ter.
812 1602 1013 1669 Andr.
1058 1602 1185 1668 494
1230 1601 1665 1683 (resciverim).
1752 1600 1958 1665 Semel
2016 1601 2338 1667 invenitur
2385 1603 2628 1690 protasi

401 1704 468 1767 in
505 1704 716 1768 media
752 1706 1186 1769 enuntiatione
1221 1705 1462 1790 posita:
1507 1704 1654 1770 Ter.
1701 1703 1825 1771 Ad.
1877 1706 1988 1769 171
2041 1704 2427 1787 (innuerim).
2493 1704 2627 1770 Ubi

400 1807 798 1872 ‘attractioni
837 1807 1187 1872 modorum'
1233 1807 1679 1873 coniunctivus
1723 1806 1941 1874 deberi
1988 1807 2275 1872 videtur:
2340 1828 2510 1888 nam,
2554 1816 2627 1872 ut

405 1933 488 1974 ex
555 1911 864 1996 proximis
924 1911 1212 1977 versibus
1270 1920 1562 1997 apparet,
1627 1911 1690 1974 in
1748 1911 1889 1996 ipsa
1945 1909 2201 1996 quidem
2260 1910 2623 1976 condicione

405 2013 560 2076 nihil
605 2014 769 2078 inest
811 2015 1039 2079 incerti
1081 2014 1184 2080 vel
1228 2014 1429 2082 dubii.
1517 2014 1698 2078 Idem
1754 2013 2019 2078 sensisse
2077 2011 2332 2077 videtur
2376 2012 2450 2094 is,
2515 2012 2627 2099 qui

402 2116 467 2180 in
515 2116 732 2181 codice
772 2117 1063 2181 Parisino
1101 2118 1202 2199 (P)
1240 2118 1557 2183 innuerim
1601 2116 1879 2182 mutavit
1921 2117 1987 2179 in
2029 2122 2313 2180 innuero.
2372 2115 2465 2180 Ut
2510 2113 2626 2180 hoc

410 2216 745 2303 Adelphon
801 2217 937 2282 loco
995 2220 1268 2303 protasis
1330 2219 1497 2283 inter
1539 2218 1845 2304 apodosin
1890 2226 1951 2281 et
1997 2216 2173 2281 aliud
2225 2218 2624 2281 enuntiatum

406 2318 488 2384 ab
530 2329 669 2407 ipsa
714 2321 976 2407 apodosi
1023 2322 1299 2407 pendens
1343 2331 1436 2386 est
1479 2322 1874 2408 interposita,
1926 2321 2016 2383 ita
2062 2342 2187 2385 non
2228 2322 2432 2385 minus
2478 2330 2624 2384 arta

405 2422 835 2488 membrorum
850 2422 924 2488 fit
940 2423 1283 2509 colligatio,
1305 2447 1444 2491 cum
1463 2424 1736 2510 protasis
1753 2423 2279 2489 circumcluditur
2296 2424 2622 2488 enuntiato

406 2536 665 2610 regente
710 2535 772 2590 et
816 2526 1096 2612 apodosi.
1181 2526 1521 2590 Artissima
1567 2548 1719 2591 vero
1763 2524 1838 2589 fit
1879 2527 2261 2606 coniunctio,
2327 2525 2438 2590 ubi
2481 2549 2625 2612 pro·

406 2630 556 2692 tasis
600 2630 668 2695 in
711 2630 913 2715 ipsam
959 2630 1262 2716 apodosin
1310 2639 1403 2693 est
1446 2629 1701 2697 inserta.
1763 2628 1989 2709 Quare
2023 2628 2111 2692 eis
2142 2627 2295 2692 locis
2332 2630 2625 2694 coniunc-

405 2731 608 2797 tivum
651 2754 735 2795 ex
778 2732 1208 2818 implicatione
1265 2731 1567 2797 orationis
1610 2740 1823 2794 ortum
1868 2752 2000 2794 esse
2042 2729 2407 2811 statuimus,
2477 2729 2626 2795 licet

405 2836 726 2901 interdum
770 2836 1133 2921 potentialis
1176 2835 1495 2923 quaedam
1543 2832 1926 2919 significatio
1971 2834 2265 2898 admixta
2299 2835 2407 2900 sit.

1434 3164 1487 3241 g.
1533 3160 1592 3226 5.

440 3280 892 3338 Examinantur
928 3296 1001 3336 ea
1037 3280 1337 3351 exempla,
1396 3296 1553 3350 quae
1588 3279 1653 3337 in
1693 3281 2019 3338 sententiis
2061 3279 2423 3337 condicione
2462 3294 2585 3336 non

976 3368 1306 3425 adstrictis
1343 3383 1679 3426 occurrere
1714 3370 2036 3426 videntur.

571 3473 759 3554 Quae
831 3474 1160 3563 hucusque
1233 3475 1567 3542 attulimus
1633 3476 1899 3563 perfecti
1970 3476 2170 3541 activi
2233 3472 2621 3540 coniunctivi

406 3574 719 3661 exempla,
781 3577 994 3640 omnia
1053 3578 1118 3639 in
1177 3579 1633 3642 enuntiatis
1690 3578 2414 3644 condicionalibus
2472 3584 2623 3642 sunt

406 3679 631 3764 posita.
695 3677 835 3742 lam
874 3702 1024 3746 vero
1061 3682 1234 3766 apud
1269 3683 1631 3768 scriptores,
1671 3685 1781 3770 qui
1820 3694 1970 3747 ante
2002 3682 2280 3747 medium
2313 3681 2449 3746 fere
2481 3687 2621 3766 sep‘-

403 3781 626 3845 timum
670 3782 995 3849 saeculum
1050 3806 1107 3851 a.
1152 3807 1214 3853 u.
1260 3807 1310 3850 c.
1352 3785 1635 3869 fuerunt,
1701 3796 1889 3852 extra
1937 3785 2327 3871 hypothesin
2367 3782 2618 3848 omnino

401 3882 648 3949 nullum
691 3896 951 3951 exstare
993 3886 1371 3956 videbimus.

570 4007 861 4094 Namque
883 4007 995 4094 qui
1019 4008 1454 4073 contradicere
1483 4008 1785 4073 videntur
1811 4008 1931 4073 loci
1960 4005 2346 4092 paucissimi,
2381 4005 2615 4092 partim

404 4118 625 4196 aperte
685 4119 837 4176 sunt
902 4111 1266 4198 depravati,
1330 4112 1568 4200 partim
1635 4108 1718 4174 ab
1781 4109 1932 4194 ipsis
1996 4107 2414 4194 scriptoribus
2480 4125 2621 4191 pro-
