3116 4790
1438 386 1519 452 21

622 615 788 680 quae
842 601 1173 678 praeter
1228 601 1550 657 ceteras
1608 610 1723 675 pro
1780 589 1998 653 futuro
2064 589 2333 674 simplici
2403 609 2592 654 usur·

617 704 876 781 pantur,
919 717 971 759 e.
1007 717 1067 781 g.
1095 694 1341 777 fecem,
1384 692 1610 758 dedero
1622 710 1644 773 ;
1687 716 1747 757 v.
1792 690 2108 774 Draeger.
2151 690 2204 758 Ι.
2252 714 2311 777 p.
2357 691 2501 760 284.

542 796 866 861 Eaedem
909 805 1158 861 autem
1203 797 1577 878 notiones,
1619 815 1804 883 quas
1847 793 2094 857 futuri
2135 793 2392 857 exacti
2430 815 2592 858 esse

373 900 740 981 diximus,
806 898 1004 984 apud
1052 900 1350 986 >priscos
1401 899 1821 982 scriptores
1879 916 2466 981 nonnumquam,
2530 896 2593 959 si

374 1002 559 1088 quid
617 1001 868 1084 video,
931 1002 1257 1086 perfecti
1311 1001 1800 1067 coniunctivo
1869 999 1942 1061 in
2008 998 2156 1063 -rtm
2218 997 2595 1061 desinenti

373 1113 553 1169 sunt
599 1103 1077 1184 subiectae1).

540 1206 708 1272 Sane
756 1225 998 1290 parvus
1042 1214 1136 1270 est
1186 1202 1619 1290 exemplorum
1677 1223 2008 1266 numerus:
2074 1222 2187 1264 nec
2232 1199 2299 1264 id
2342 1200 2593 1267 mirum.

379 1308 633 1373 Etenim
678 1308 1103 1393 antiquissimi
1144 1306 1436 1388 Romani,
1488 1327 1618 1392 qua
1662 1314 1846 1369 erant
1887 1302 2305 1388 simplicitate
2346 1310 2410 1365 et
2450 1323 2595 1386 gra·

379 1411 608 1492 vitate,
650 1411 925 1494 ingenue
961 1431 1038 1474 ac
1077 1408 1296 1491 libere,
1338 1430 1463 1472 non
1499 1405 1825 1492 superflua
1863 1406 2142 1492 quadam
2182 1403 2595 1468 haesitatione

376 1521 572 1597 (quae
632 1509 888 1595 quidem
947 1520 1039 1573 est
1096 1511 1162 1572 in
1219 1507 1548 1595 potentiali
1604 1508 1789 1573 modo
1847 1507 2214 1591 conspicua)
2265 1529 2366 1571 res
2405 1505 2595 1571 semel

381 1633 494 1697 pro
558 1614 729 1676 veris
788 1622 853 1678 et
909 1612 1092 1698 quasi
1146 1613 1275 1674 iam
1322 1611 1618 1696 perfectis
1664 1611 1901 1696 positas
1946 1609 2154 1695 eloqui
2196 1617 2596 1675 consuerant.

388 1715 515 1778 Nec
572 1734 730 1779 casu
789 1712 1063 1778 fortasse
1117 1712 1353 1778 factum
1412 1722 1523 1795 est,
1596 1712 1765 1799 quod
1819 1711 2137 1798 plerisque
2179 1710 2333 1775 locis
2375 1710 2597 1774 servi

390 1815 710 1880 locuntur:
768 1815 837 1878 ni
892 1815 1124 1880 mirum
1178 1824 1241 1880 et
1301 1816 1510 1880 animo
1552 1825 1618 1878 et
1661 1814 2015 1879 condicioni
2057 1811 2273 1878 servili
2315 1812 2593 1875 maxime

388 1915 811 1984 conveniebat
853 1919 1161 1983 eiusmodi
1206 1917 1504 2004 loquendi
1547 1919 1713 1981 ratio
1755 1916 2125 1982 submissior
2166 1924 2228 1979 et
2271 1913 2589 1983 humilior.

486 2030 489 2031 ’
546 2019 689 2084 Iam
731 2018 1035 2105 exemplis
1072 2019 1518 2084 enumerandis
1561 2040 1695 2084 rem
1729 2018 2137 2084 illustremus.
2207 2017 2427 2081 Priore
2462 2015 2596 2081 loco

381 2144 685 2211 ponemus
727 2144 834 2187 eas
875 2121 1132 2205 formas,
1189 2131 1442 2207 praeter
1499 2143 1661 2208 quas
1703 2122 1894 2185 etiam
1938 2120 2269 2186 breviatae
2310 2128 2424 2184 aut
2471 2128 2599 2183 tra-

387 2226 563 2291 ditae
604 2233 752 2289 sunt
796 2232 912 2287 aut
952 2223 1215 2288 formari
1256 2231 1521 2309 possunt
1542 2221 1610 2302 2).

493 2326 546 2392 Ι.
591 2328 781 2392 Poen.
824 2324 983 2408 IIII,
1027 2328 1089 2409 2,
1116 2325 1199 2391 63
1243 2325 1423 2411 (885)
1467 2323 1540 2391 Si
1583 2342 1729 2389 erus
1771 2343 1945 2388 meus
1987 2343 2083 2387 me
2126 2342 2255 2387 esse
2298 2322 2599 2388 elocutum

590 2429 927 2513 quoiquam
959 2428 1247 2494 mortalei
1279 2429 1468 2493 sciat:
1529 2426 1828 2494 Continuo
1867 2427 1925 2490 is
1965 2446 2062 2490 me
2106 2446 2183 2491 ex
2227 2424 2599 2511 Syncerasto

592 2530 1070 2617 Omasrifrayiuvn
1092 2530 1494 2614 feceritss).

559 2633 736 2701 Scire
776 2632 838 2696 h.
879 2633 920 2697 l.
945 2659 1023 2691 =
1049 2633 1303 2716 rescire,
1348 2633 1528 2699 velut
1570 2631 1714 2701 Ter.
1758 2630 1961 2698 Andr.
2004 2630 2150 2711 414,
2192 2630 2403 2697 Plaut.
2447 2630 2599 2695 Cist.

390 2737 482 2820 II,
526 2738 585 2819 1,
607 2736 715 2817 403
758 2737 1072 2801 sententia
1114 2737 1315 2820 igitur
1357 2735 1607 2800 subest:
1693 2731 1881 2797 Wenn
1925 2732 2035 2796 der
2081 2732 2256 2798 Herr
2299 2732 2601 2816 erfahren

384 2839 561 2904 sollte
596 2884 610 2900 .
647 2883 662 2899 .
701 2889 715 2904 .
751 2858 820 2902 so
862 2838 1033 2904 wird
1076 2858 1144 2903 er
1172 2838 1336 2902 mich
1368 2837 1535 2903 wohl
1564 2836 1763 2923 yleich
1797 2855 1880 2900 zu
1923 2835 2119 2899 einem
2156 2833 2601 2919 Omrifi‘ayius

385 2941 643 3006 machon
663 2940 734 3025 ¹²).
819 2939 1160 3005 Manifesta
1205 2950 1418 3004 autem
1463 2949 1558 3003 est
1601 2938 1718 3003 hoc
1761 2937 1898 3002 loco
1941 2936 2159 3001 celeris
2201 2936 2601 3020 perfectionis

390 3044 577 3126 notio,
639 3064 807 3129 quae
865 3042 1056 3106 etiam
1114 3042 1368 3107 acuitur
1426 3041 1649 3106 addita
1711 3062 1867 3106 voce
1917 3039 2219 3105 continue.
2304 3039 2603 3104 Ceterum

565 3286 607 3349 ¹)
645 3288 751 3336 Hac
789 3288 901 3348 ipsa
938 3286 1140 3336 dicendi
1180 3288 1484 3348 proprietate
1520 3286 1831 3346 Madvigium
1857 3287 2025 3348 aliqua
2054 3299 2114 3332 ex
2139 3291 2277 3345 parte
2303 3291 2602 3334 commotum

390 3391 497 3426 esse
533 3384 670 3439 puto,
708 3381 767 3422 ut
803 3375 864 3423 de
900 3377 1105 3438 proprio
1150 3378 1480 3424 coniunctivo
1511 3378 1690 3438 futuri
1724 3376 1887 3423 exacti
1923 3372 2186 3421 statuendo
2224 3375 2477 3431 cogitaret.

560 3481 607 3546 2)
645 3482 757 3530 Fut.
792 3495 874 3530 ex.
911 3480 1072 3532 indic.
1113 3494 1377 3541 agnoscere
1413 3487 1665 3543 praestat:
1729 3480 1858 3530 Enn.
1898 3479 1994 3527 fab.
2039 3482 2129 3527 189
2159 3478 2334 3527 Muell.
2370 3478 2510 3526 Haec
2547 3481 2603 3525 tu

388 3574 479 3619 etsi
511 3584 742 3633 perverse
777 3569 926 3627 dices,
958 3568 1117 3629 facile
1152 3570 1374 3617 Achivos
1406 3570 1723 3631 flexeris.

561 3674 609 3738 3)
647 3675 942 3738 Comparare
992 3676 1113 3723 licet
1167 3675 1339 3724 Bacch.
1394 3675 1488 3722 361
1544 3688 1621 3736 sq.
1671 3674 1827 3723 Credo
1878 3673 2040 3722 hercle
2089 3670 2368 3719 adveniens
2417 3684 2603 3719 nomen

394 3765 617 3813 mutabit
652 3763 784 3813 mihi
817 3765 1084 3826 Facietque
1119 3764 1360 3825 eaetemplo
1401 3763 1727 3811 Crucisalum
1762 3777 1840 3811 me
1875 3776 1933 3809 ex
1970 3760 2230 3809 Ghrusala

566 3869 609 3927 4)
646 3868 805 3927 Quam
842 3871 988 3919 facile
1027 3870 1396 3918 coniunctivum
1430 3870 1518 3933 qui
1563 3874 1638 3917 est
1672 3868 1857 3929 fecerit
1890 3880 2001 3917 cum
2044 3865 2202 3912 futuri
2224 3864 2289 3911 ll.
2326 3862 2603 3911 indicativo

393 3960 585 4022 aliquis
627 3957 928 4007 confundere
966 3960 1141 4018 possit,
1182 3958 1312 4008 clare
1350 3972 1409 4004 ex
1449 3971 1504 4005 eo
1528 3958 1846 4021 perspicitur,
1885 3955 2015 4017 quod
2041 3953 2282 4002 Holtze
2317 3952 2407 3999 hoc
2432 3964 2602 3997 exem-

391 4047 531 4108 plum
572 4045 716 4093 modo
753 4045 814 4094 ad
854 4047 1009 4094 futuri
1046 4047 1108 4093 11.
1149 4045 1477 4094 indicativum
1520 4045 1593 4104 (ΙΙ
1627 4061 1680 4108 p.
1718 4047 1818 4110 88),
1855 4043 1999 4091 modo
2027 4043 2089 4089 ad
2125 4041 2451 4103 potentialem
2490 4053 2605 4100 per-

392 4134 510 4184 fecti
552 4136 623 4196 (Π
661 4149 713 4199 p.
758 4136 873 4193 141)
912 4135 1078 4183 refert.
1116 4133 1359 4195 (Draeger
1395 4135 1441 4181 11
1482 4149 1530 4199 p.
1574 4137 1670 4181 716
1712 4113 2083 4183 nominativum
2119 4132 2375 4196 agnoscit.)
