3116 4790
1461 334 1544 399 55

383 532 591 597 lenter
636 541 911 617 apparet
961 553 1045 595 ex
1085 531 1208 597 hoc
1250 532 1518 596 disticho
1543 533 1618 611 1):
1701 533 1947 613 (Lutat.
1990 533 2201 601 Catul.
2246 556 2350 620 ap.
2395 535 2615 598 Peters

387 631 531 698 hist.
571 632 805 716 fragm.
850 633 946 698 ed.
990 634 1137 700 mai.
1180 656 1242 718 p.
1290 634 1436 715 192,
1464 634 1544 699 13
1591 632 1746 714 [Cio.
1791 656 1851 696 n.
1895 634 1959 699 d.
2007 637 2067 717 1,
2095 635 2199 717 28,
2235 637 2397 716 79]):
2446 633 2619 700 Pace

386 733 542 796 mihi
588 734 787 814 liceat,
832 734 1125 799 caelestes
1169 732 1377 798 dicere
1414 738 1667 799 vestra:
1712 733 2016 801 Mortalis
2048 736 2255 801 visust
2279 736 2617 820 pulchrior

389 855 521 900 esse
562 834 692 900 deo,
759 837 946 900 Patet
979 834 1181 901 verba
1218 856 1388 920 quae
1418 844 1570 900 sunt
1602 834 1759 898 mihi
1804 836 1988 901 liceat
2020 857 2091 919 p.
2131 857 2191 900 v.
2236 836 2442 902 dicere
2481 858 2617 902 esse

385 935 1013 1002 circumlocutionem
1074 936 1376 1022 simplicis
1437 938 1894 1002 enuntiationis
1927 959 2000 1020 p.
2042 959 2103 1004 v.
2150 936 2427 1001 dixerim
2486 938 2617 1020 (vel

386 1038 637 1122 dicam).

551 1139 691 1202 Iam
734 1159 859 1225 quo
905 1138 1110 1222 magis
1156 1136 1569 1203 confirmetur
1612 1148 1830 1203 nostra
1883 1136 2249 1222 explicandi
2291 1136 2481 1217 ratio,
2525 1136 2616 1203 vi-

385 1241 664 1306 dendum
707 1252 824 1321 est,
884 1261 1038 1303 num
1081 1249 1339 1324 praeter
1384 1238 1547 1305 illud
1598 1239 1873 1304 dixerim
1917 1240 2113 1303 etiam
2159 1237 2431 1303 aliorum
2476 1259 2617 1303 ver·

384 1341 615 1406 borum
669 1340 956 1426 perfecta
1011 1342 1158 1426 pari
1214 1341 1398 1406 modo
1456 1343 1521 1404 in
1580 1341 1862 1426 optando
1917 1342 2045 1406 sint
2087 1342 2315 1426 posita.
2402 1341 2618 1425 Atque

383 1440 714 1506 Luebbert
746 1450 1054 1526 quattuor
1085 1443 1297 1506 adfert
1330 1442 1627 1527 exempla
1667 1441 1973 1506 Plautina
1992 1440 2071 1520 2);
2129 1440 2272 1506 Cas.
2315 1441 2405 1524 H,
2447 1443 2613 1525 6,47

383 1544 628 1608 atinam
669 1547 783 1607 tua
823 1541 1075 1625 quidem
1118 1595 1131 1610 .
1179 1596 1192 1610 .
1241 1594 1256 1608 .
1299 1543 1430 1609 ista
1487 1543 1554 1605 in
1599 1541 1913 1607 sortiendo
1956 1562 2097 1607 sors
2140 1541 2616 1623 delicaerit;

385 1646 577 1709 Poen.
612 1643 736 1723 111,
774 1645 838 1725 6,
859 1644 900 1707 4
933 1645 1116 1728 (799)
1153 1647 1475 1729 apscessit.
1504 1648 1536 1725 ΙΙ
1578 1643 1831 1710 Utinam
1865 1645 2008 1709 hinc
2044 1645 2345 1710 abierit
2381 1643 2616 1708 malam

384 1764 647 1811 erucem.
738 1745 884 1810 Duo
944 1745 1194 1831 reliqua
1254 1745 1549 1832 exempla
1605 1747 1670 1809 in
1727 1756 2012 1811 nostram
2059 1752 2201 1810 'rem
2243 1753 2616 1811 convertere

384 1845 658 1910 fortasse
718 1868 842 1910 non
896 1845 1076 1912 licet:
1128 1846 1412 1932 perieris
1471 1847 1664 1927 (Men.
1714 1847 1863 1927 295)
1920 1856 1981 1910 et
2027 1847 2344 1931 perierint
2383 1844 2613 1928 (Stich.

385 1947 574 2032 385):
644 1947 792 2014 vide
836 1969 1034 2034 supra
1076 1972 1138 2034 p.
1184 1949 1285 2016 20.
1373 1948 1498 2014 Sed
1540 1949 1752 2013 nescio
1807 1970 1890 2014 an
1934 1949 2031 2014 uti
2071 1947 2263 2012 liceat
2318 1951 2434 2012 hoc
2477 1946 2614 2011 loco

384 2048 719 2115 Plautino:
763 2050 930 2118 Rud.
974 2051 1099 2114 662
1142 2051 1334 2114 nimis
1376 2050 1567 2114 velim
1607 2049 2092 2133 improbissumo
2133 2048 2371 2113 homini
2408 2047 2615 2114 malas

387 2150 979 2216 edentaverint.
1046 2152 1214 2215 Nam
1259 2152 1703 2218 coniunctivus
1745 2150 2172 2216 edentaverint
2211 2172 2339 2215 non
2382 2149 2617 2233 pendet

383 2274 466 2316 ex
509 2252 708 2316 verbo
750 2251 962 2333 velim,
1017 2252 1127 2316 sed
1170 2263 1265 2316 est
1320 2254 1771 2318 coniunctivus
1816 2253 2412 2337 paratacticus.
2493 2252 2614 2315 Ac-

382 2353 553 2419 cedit
595 2353 716 2419 hoc
762 2353 1161 2439 exemplum:
1223 2353 1290 2418 di
1330 2353 1641 2419 monerint
1685 2352 1795 2433 [ab
1840 2353 2031 2423 indic.
2077 2353 2306 2434 *mom]
2349 2351 2619 2419 meliora

384 2460 570 2537 atque
611 2455 949 2521 amentiam
990 2455 1513 2521 averruncassint
1547 2459 1723 2519 tuam
1745 2454 1811 2532 ³).
1869 2454 2123 2535 Quibus
2161 2455 2470 2540 exemplis
2504 2454 2617 2518 du·

386 2554 671 2620 bitanter
717 2556 999 2642 adiungo
1045 2556 1196 2621 hoc:
1240 2558 1409 2621 Fest.
1448 2558 1564 2622 351
1577 2605 1595 2637 ‚
1620 2558 1703 2621 10
1746 2558 1856 2637 (ex
1892 2566 2130 2641 precat.
2166 2556 2428 2641 augur.)
2472 2556 2620 2621 bene

387 2658 638 2741 sponsis
687 2659 953 2741 beneque
993 2659 1180 2722 volu
1197 2659 1362 2722 eris
1377 2677 1398 2737 ,·
1441 2658 1591 2724 vide
1634 2657 1966 2722 Luebbert
2006 2658 2057 2722 I.
2098 2681 2159 2743 p.
2198 2659 2298 2722 32.
2362 2657 2469 2722 Ex
2512 2679 2619 2742 po-

383 2755 756 2822 sterioribus
789 2767 1000 2821 autem
1027 2757 1451 2842 scriptoribus
1475 2756 1831 2822 Catullus
1863 2758 1982 2823 hoc
2009 2758 2292 2823 exhibet:
2333 2755 2499 2839 Non,
2527 2758 2620 2824 ita

383 2879 482 2924 me
525 2860 678 2944 divi,
733 2880 893 2935 vera
924 2864 1195 2944 yemuroet,
1252 2861 1338 2922 iu
1355 2861 1567 2924 erint
1610 2859 1887 2941 (66,18).
1975 2861 2071 2925 Ac
2114 2882 2194 2924 ne
2236 2887 2271 2926 a
2314 2859 2618 2924 Cicerone

383 2962 641 3048 quidem
685 2962 881 3048 plane
925 2961 1171 3026 alienus
1215 2963 1321 3027 hic
1367 2985 1558 3042 usus;
1621 2962 1781 3026 conf.
1827 2961 1990 3026 Phil.
2034 2961 2193 3042 XII,
2237 2962 2300 3041 6,
2331 2962 2409 3024 14
2452 2959 2618 3043 quod

384 3064 475 3128 dii
519 3085 695 3129 omen
741 3064 1283 3144 averterint4).

563 3306 602 3366 ¹)
639 3306 785 3356 Conf.
824 3307 1106 3358 Mommsen
1144 3308 1289 3358 Rem.
1327 3306 1533 3356 Gesch.⁶
1572 3308 1635 3357 11.
1672 3322 1725 3369 p.
1765 3309 1870 3355 442
1907 3305 2109 3357 not.”*

563 3394 606 3454 2)
642 3396 938 3445 Pleniorum
989 3397 1185 3447 scilicet
1230 3397 1286 3443 in
1342 3398 1499 3445 -erim
1535 3397 1838 3444 formatum:
1898 3396 2061 3445 multo
2094 3396 2463 3458 frequentiores
2500 3399 2618 3443 sunt

385 3485 570 3532 formae
606 3484 662 3531 in
699 3487 825 3532 -sim
843 3503 859 3533 .·
909 3485 1107 3533 Luebb.
1144 3485 1168 3532 1
1200 3499 1250 3546 p.
1291 3487 1375 3545 30,
1413 3483 1539 3532 Brix
1576 3482 1640 3531 ad
1673 3482 1811 3533 Men.
1848 3498 1894 3531 v.
1937 3485 2057 3535 295.
2111 3483 2254 3533 Conf.
2292 3484 2444 3533 etiem
2484 3483 2617 3532 Bue-

384 3571 564 3630 cheler,
600 3567 741 3633 prop.
778 3572 919 3631 IguV.
957 3572 1100 3620 lustr.
1143 3585 1195 3632 p.
1234 3572 1332 3618 37:
1395 3574 1731 3621 commiscent
1777 3586 1877 3621 usu
1930 3574 2289 3635 antiquissimi
2333 3574 2619 3635 perfectum

385 3660 610 3717 optativi
643 3662 691 3707 et
722 3671 965 3719 praesens
999 3661 1290 3717 saepissime
1325 3664 1571 3718 vetantes,
1622 3673 1823 3719 saepe
1872 3664 2202 3722 optantes
2253 3664 2303 3709 et
2333 3664 2617 3721 precantes.

560 3743 605 3803 ο)
642 3747 687 3793 Α
739 3758 836 3806 quo
886 3747 1075 3807 scripta
1108 3748 1212 3794 sint
1247 3747 1372 3797 haec
1410 3749 1564 3797 verba
1602 3747 1809 3796 dubium
1847 3751 1953 3796 est:
2011 3749 2334 3795 nominentur
2371 3748 2616 3797 Pacuvius

386 3839 435 3883 et
472 3834 731 3893 Lucilius;
775 3831 896 3881 vide
930 3832 1069 3882 Neue
1105 3831 1184 3881 112
1222 3836 1340 3894 481,
1377 3833 1629 3884 Lnebbert
1665 3836 1689 3882 1
1731 3849 1779 3896 p.
1821 3836 1904 3885 32.

560 3919 608 3982 4)
644 3920 773 3968 Vide
810 3921 1030 3981 Draeger
1070 3923 1093 3968 1
1129 3936 1178 3983 p.
1223 3925 1342 3969 311.
1417 3919 1516 3977 Qui
1568 3926 1731 3969 tamen
1784 3927 1915 3969 erret
1952 3921 2012 3969 de
2051 3923 2221 3970 formis
2258 3921 2467 3980 videris,
2531 3924 2619 3977 -it‚

389 4011 504 4058 -itis
521 4024 536 4053 .·
601 4020 728 4067 quae
766 4011 1021 4070 pertinent
1057 4007 1117 4055 ad
1158 4007 1316 4056 futuri
1355 4010 1517 4055 exacti
1558 4009 1910 4070 indicativum3
1972 4012 2099 4059 conf.
2135 4009 2338 4071 Madvig
2393 4013 2438 4060 1..
2482 4024 2518 4059 s.
2575 4024 2617 4058 s,

383 4110 433 4158 p.
473 4099 557 4147 92.
