<?xml version="1.0" encoding="UTF-8"?>
<!DOCTYPE html PUBLIC "-//W3C//DTD XHTML 1.0 Transitional//EN"
    "http://www.w3.org/TR/xhtml1/DTD/xhtml1-transitional.dtd">
<html xmlns="http://www.w3.org/1999/xhtml" xml:lang="en" lang="en">
 <head>
  <title>
</title>
<meta http-equiv="Content-Type" content="text/html;charset=utf-8" />
  <meta name='ocr-system' content='tesseract 3.04.00' />
  <meta name='ocr-capabilities' content='ocr_page ocr_carea ocr_par ocr_line ocrx_word'/>
</head>
<body>
  <div class='ocr_page' id='page_1' title='image "./deperfecticonju00cramgoog_0044.png"; bbox 0 0 3116 4790; ppageno 0'>
   <div class='ocr_carea' id='block_1_1' title="bbox 1622 375 1704 443">
    <p class='ocr_par' dir='ltr' id='par_1_1' title="bbox 1622 375 1704 443">
     <span class='ocr_line' id='line_1_1' title="bbox 1622 375 1704 443; baseline 0.012 -1"><span class='ocrx_word' id='word_1_1' title='bbox 1622 375 1704 443; x_wconf 84' lang='lat'><strong><em>36</em></strong></span> 
     </span>
    </p>
   </div>
   <div class='ocr_carea' id='block_1_2' title="bbox 1460 467 1866 479">
    <p class='ocr_par' dir='ltr' id='par_1_2' title="bbox 1460 467 1866 479">
     <span class='ocr_line' id='line_1_2' title="bbox 1460 467 1866 479; baseline 0 4311"><span class='ocrx_word' id='word_1_2' title='bbox 1460 467 1866 479; x_wconf 95' lang='lat' dir='ltr'><strong><em> </em></strong></span> 
     </span>
    </p>
   </div>
   <div class='ocr_carea' id='block_1_3' title="bbox 533 570 2775 2706">
    <p class='ocr_par' dir='ltr' id='par_1_3' title="bbox 552 570 2606 666">
     <span class='ocr_line' id='line_1_3' title="bbox 552 570 2606 666; baseline 0.005 -28"><span class='ocrx_word' id='word_1_3' title='bbox 552 570 698 644; x_wconf 87' lang='lat' dir='ltr'><strong><em>Ter.</em></strong></span> <span class='ocrx_word' id='word_1_4' title='bbox 743 571 866 639; x_wconf 87' lang='lat' dir='ltr'><strong><em>Ad.</em></strong></span> <span class='ocrx_word' id='word_1_5' title='bbox 908 574 1033 642; x_wconf 87' lang='lat'><strong><em>895</em></strong></span> <span class='ocrx_word' id='word_1_6' title='bbox 1075 577 1134 641; x_wconf 89' lang='lat' dir='ltr'><strong><em>si</em></strong></span> <span class='ocrx_word' id='word_1_7' title='bbox 1174 579 1327 663; x_wconf 82' lang='lat' dir='ltr'><strong><em>quid</em></strong></span> <span class='ocrx_word' id='word_1_8' title='bbox 1366 600 1523 647; x_wconf 82' lang='lat' dir='ltr'><strong><em>usus</em></strong></span> <span class='ocrx_word' id='word_1_9' title='bbox 1564 585 1877 664; x_wconf 80' lang='lat' dir='ltr'><strong><em>venerit,</em></strong></span> <span class='ocrx_word' id='word_1_10' title='bbox 1924 582 2136 649; x_wconf 78' lang='lat' dir='ltr'><strong><em>lubens</em></strong></span> <span class='ocrx_word' id='word_1_11' title='bbox 2180 583 2329 649; x_wconf 80' lang='lat' dir='ltr'><strong><em>bene</em></strong></span> <span class='ocrx_word' id='word_1_12' title='bbox 2355 581 2606 666; x_wconf 76' lang='lat' dir='ltr'><strong><em>faxim.</em></strong></span> 
     </span>
    </p>

    <p class='ocr_par' dir='ltr' id='par_1_4' title="bbox 555 673 2765 862">
     <span class='ocr_line' id='line_1_4' title="bbox 555 673 2765 770; baseline 0.005 -30"><span class='ocrx_word' id='word_1_13' title='bbox 555 673 720 756; x_wconf 84' lang='lat' dir='ltr'><strong><em>[Cat.</em></strong></span> <span class='ocrx_word' id='word_1_14' title='bbox 764 675 844 740; x_wconf 83' lang='lat' dir='ltr'><strong><em>de</em></strong></span> <span class='ocrx_word' id='word_1_15' title='bbox 879 698 1014 762; x_wconf 84' lang='lat' dir='ltr'><strong><em>agr.</em></strong></span> <span class='ocrx_word' id='word_1_16' title='bbox 1052 678 1149 745; x_wconf 90' lang='lat' dir='ltr'><strong><em>IV</em></strong></span> <span class='ocrx_word' id='word_1_17' title='bbox 1191 681 1251 745; x_wconf 90' lang='lat' dir='ltr'><strong><em>si</em></strong></span> <span class='ocrx_word' id='word_1_18' title='bbox 1283 682 1434 765; x_wconf 82' lang='lat' dir='ltr'><strong><em>quid</em></strong></span> <span class='ocrx_word' id='word_1_19' title='bbox 1467 686 1655 767; x_wconf 79' lang='lat' dir='ltr'><strong><em>(bona</em></strong></span> <span class='ocrx_word' id='word_1_20' title='bbox 1689 686 1916 768; x_wconf 85' lang='lat' dir='ltr'><strong><em>salute)</em></strong></span> <span class='ocrx_word' id='word_1_21' title='bbox 1952 703 2112 751; x_wconf 79' lang='lat' dir='ltr'><strong><em>usus</em></strong></span> <span class='ocrx_word' id='word_1_22' title='bbox 2145 685 2466 769; x_wconf 78' lang='lat' dir='ltr'><strong><em>venerit,</em></strong></span> <span class='ocrx_word' id='word_1_23' title='bbox 2510 684 2765 770; x_wconf 68' lang='lat' dir='ltr'><strong><em>benique</em></strong></span> 
     </span>
     <span class='ocr_line' id='line_1_5' title="bbox 725 776 1091 862; baseline 0.014 -21"><span class='ocrx_word' id='word_1_24' title='bbox 725 776 1091 862; x_wconf 70' lang='lat' dir='ltr'><strong><em>defendent]</em></strong></span> 
     </span>
    </p>

    <p class='ocr_par' dir='ltr' id='par_1_5' title="bbox 721 877 1957 971">
     <span class='ocr_line' id='line_1_6' title="bbox 721 877 1957 971; baseline 0.006 -28"><span class='ocrx_word' id='word_1_25' title='bbox 721 877 924 944; x_wconf 87' lang='lat' dir='ltr'>Simili</span> <span class='ocrx_word' id='word_1_26' title='bbox 967 883 1153 948; x_wconf 87' lang='lat' dir='ltr'><strong><em>modo</em></strong></span> <span class='ocrx_word' id='word_1_27' title='bbox 1197 885 1468 949; x_wconf 78' lang='lat' dir='ltr'><strong><em>evenerit</em></strong></span> <span class='ocrx_word' id='word_1_28' title='bbox 1511 887 1786 971; x_wconf 84' lang='lat' dir='ltr'><strong><em>positum</em></strong></span> <span class='ocrx_word' id='word_1_29' title='bbox 1830 896 1957 951; x_wconf 84' lang='lat' dir='ltr'><strong><em>est:</em></strong></span> 
     </span>
    </p>

    <p class='ocr_par' dir='ltr' id='par_1_6' title="bbox 548 978 2775 1383">
     <span class='ocr_line' id='line_1_7' title="bbox 551 978 2775 1075; baseline 0.006 -32"><span class='ocrx_word' id='word_1_30' title='bbox 551 978 701 1046; x_wconf 82' lang='lat' dir='ltr'><strong><em>Ter.</em></strong></span> <span class='ocrx_word' id='word_1_31' title='bbox 727 980 925 1047; x_wconf 87' lang='lat' dir='ltr'><strong><em>Haut.</em></strong></span> <span class='ocrx_word' id='word_1_32' title='bbox 949 983 1076 1049; x_wconf 84' lang='lat'><strong><em>550</em></strong></span> <span class='ocrx_word' id='word_1_33' title='bbox 1102 984 1190 1050; x_wconf 84' lang='lat' dir='ltr'><strong><em>At</em></strong></span> <span class='ocrx_word' id='word_1_34' title='bbox 1222 985 1375 1051; x_wconf 72' lang='lat' dir='ltr'><strong><em>heus</em></strong></span> <span class='ocrx_word' id='word_1_35' title='bbox 1408 990 1494 1071; x_wconf 80' lang='lat' dir='ltr'><strong><em>tu,</em></strong></span> <span class='ocrx_word' id='word_1_36' title='bbox 1521 987 1738 1071; x_wconf 72' lang='lat' dir='ltr'><strong><em>facito</em></strong></span> <span class='ocrx_word' id='word_1_37' title='bbox 1772 988 1919 1054; x_wconf 81' lang='lat' dir='ltr'><strong><em>dum</em></strong></span> <span class='ocrx_word' id='word_1_38' title='bbox 1956 988 2170 1054; x_wconf 88' lang='lat' dir='ltr'><strong><em>eadem</em></strong></span> <span class='ocrx_word' id='word_1_39' title='bbox 2197 989 2351 1056; x_wconf 85' lang='lat' dir='ltr'><strong><em>haee</em></strong></span> <span class='ocrx_word' id='word_1_40' title='bbox 2390 992 2775 1075; x_wconf 82' lang='lat' dir='ltr'><strong><em>memineris,</em></strong></span> 
     </span>
     <span class='ocr_line' id='line_1_8' title="bbox 720 1081 2645 1175; baseline 0.006 -26"><span class='ocrx_word' id='word_1_41' title='bbox 720 1081 792 1149; x_wconf 65' lang='grc' dir='ltr'><strong><em>δι’</em></strong></span> <span class='ocrx_word' id='word_1_42' title='bbox 833 1084 985 1169; x_wconf 80' lang='lat' dir='ltr'><strong><em>qaid</em></strong></span> <span class='ocrx_word' id='word_1_43' title='bbox 1027 1086 1217 1152; x_wconf 80' lang='lat' dir='ltr'><strong><em>huius</em></strong></span> <span class='ocrx_word' id='word_1_44' title='bbox 1260 1088 1468 1155; x_wconf 81' lang='lat' dir='ltr'><strong><em>simile</em></strong></span> <span class='ocrx_word' id='word_1_45' title='bbox 1488 1090 1675 1174; x_wconf 77' lang='lat' dir='ltr'><strong><em>forte</em></strong></span> <span class='ocrx_word' id='word_1_46' title='bbox 1722 1091 2064 1175; x_wconf 78' lang='lat' dir='ltr'><strong><em>aliquando</em></strong></span> <span class='ocrx_word' id='word_1_47' title='bbox 2107 1092 2463 1158; x_wconf 77' lang='lat' dir='ltr'><strong><em>evenerit.</em></strong></span> <span class='ocrx_word' id='word_1_48' title='bbox 2506 1145 2520 1160; x_wconf 89' lang='lat'><strong><em>.</em></strong></span> <span class='ocrx_word' id='word_1_49' title='bbox 2569 1145 2582 1160; x_wconf 90' lang='lat'><strong><em>.</em></strong></span> <span class='ocrx_word' id='word_1_50' title='bbox 2631 1146 2645 1161; x_wconf 92' lang='lat'><strong><em>.</em></strong></span> 
     </span>
     <span class='ocr_line' id='line_1_9' title="bbox 552 1184 2768 1281; baseline 0.007 -33"><span class='ocrx_word' id='word_1_51' title='bbox 552 1184 776 1252; x_wconf 85' lang='lat' dir='ltr'><strong><em>Afran.</em></strong></span> <span class='ocrx_word' id='word_1_52' title='bbox 820 1187 860 1251; x_wconf 82' lang='lat'>6</span> <span class='ocrx_word' id='word_1_53' title='bbox 906 1187 1101 1253; x_wconf 88' lang='lat' dir='ltr'><strong><em>Ribb.</em></strong></span> <span class='ocrx_word' id='word_1_54' title='bbox 1147 1189 1398 1274; x_wconf 80' lang='lat' dir='ltr'><strong><em>Adeste,</em></strong></span> <span class='ocrx_word' id='word_1_55' title='bbox 1439 1192 1498 1256; x_wconf 88' lang='lat' dir='ltr'><strong><em>si</em></strong></span> <span class='ocrx_word' id='word_1_56' title='bbox 1539 1193 1642 1258; x_wconf 85' lang='lat' dir='ltr'><strong><em>hic</em></strong></span> <span class='ocrx_word' id='word_1_57' title='bbox 1684 1193 1929 1267; x_wconf 80' lang='lat' dir='ltr'><strong><em>absente</em></strong></span> <span class='ocrx_word' id='word_1_58' title='bbox 1973 1194 2142 1260; x_wconf 83' lang='lat' dir='ltr'><strong><em>nobis</em></strong></span> <span class='ocrx_word' id='word_1_59' title='bbox 2175 1199 2556 1261; x_wconf 76' lang='lat' dir='ltr'><strong><em>vaenierit</em></strong></span> <span class='ocrx_word' id='word_1_60' title='bbox 2579 1216 2768 1281; x_wconf 80' lang='lat' dir='ltr'><strong><em>puer.</em></strong></span> 
     </span>
     <span class='ocr_line' id='line_1_10' title="bbox 548 1285 2774 1383; baseline 0.005 -32"><span class='ocrx_word' id='word_1_61' title='bbox 548 1285 758 1352; x_wconf 83' lang='lat' dir='ltr'><strong><em>Plaut.</em></strong></span> <span class='ocrx_word' id='word_1_62' title='bbox 796 1288 942 1356; x_wconf 87' lang='lat' dir='ltr'><strong><em>Aul.</em></strong></span> <span class='ocrx_word' id='word_1_63' title='bbox 979 1291 1104 1357; x_wconf 86' lang='lat'><strong><em>344</em></strong></span> <span class='ocrx_word' id='word_1_64' title='bbox 1146 1289 1250 1357; x_wconf 70' lang='lat'><strong><em>1722·</em></strong></span> <span class='ocrx_word' id='word_1_65' title='bbox 1287 1293 1346 1356; x_wconf 89' lang='lat' dir='ltr'><strong><em>si</em></strong></span> <span class='ocrx_word' id='word_1_66' title='bbox 1380 1295 1712 1378; x_wconf 83' lang='lat' dir='ltr'><strong><em>perierit</em></strong></span> <span class='ocrx_word' id='word_1_67' title='bbox 1753 1297 2104 1382; x_wconf 74' lang='lat' dir='ltr'><strong><em>quippiam,</em></strong></span> <span class='ocrx_word' id='word_1_68' title='bbox 2141 1349 2155 1364; x_wconf 92' lang='lat'><strong><em>.</em></strong></span> <span class='ocrx_word' id='word_1_69' title='bbox 2184 1349 2199 1365; x_wconf 92' lang='lat'><strong><em>.</em></strong></span> <span class='ocrx_word' id='word_1_70' title='bbox 2226 1349 2241 1366; x_wconf 99' lang='lat'><strong><em>.</em></strong></span> <span class='ocrx_word' id='word_1_71' title='bbox 2281 1296 2550 1365; x_wconf 80' lang='lat' dir='ltr'><strong><em>Dicant:</em></strong></span> <span class='ocrx_word' id='word_1_72' title='bbox 2594 1303 2774 1383; x_wconf 77' lang='lat' dir='ltr'><strong><em>coqui</em></strong></span> 
     </span>
    </p>

    <p class='ocr_par' dir='ltr' id='par_1_7' title="bbox 716 1391 1118 1459">
     <span class='ocr_line' id='line_1_11' title="bbox 716 1391 1118 1459; baseline 0.007 -3"><span class='ocrx_word' id='word_1_73' title='bbox 716 1391 1118 1459; x_wconf 80' lang='lat' dir='ltr'><strong><em>abstulerunt.</em></strong></span> 
     </span>
    </p>

    <p class='ocr_par' dir='ltr' id='par_1_8' title="bbox 553 1490 2774 1888">
     <span class='ocr_line' id='line_1_12' title="bbox 553 1490 2773 1584; baseline 0.005 -27"><span class='ocrx_word' id='word_1_74' title='bbox 553 1490 692 1558; x_wconf 82' lang='lat' dir='ltr'><strong><em>Cat.</em></strong></span> <span class='ocrx_word' id='word_1_75' title='bbox 736 1494 896 1577; x_wconf 86' lang='lat' dir='ltr'><strong><em>orig.</em></strong></span> <span class='ocrx_word' id='word_1_76' title='bbox 939 1494 981 1559; x_wconf 93' lang='lat' dir='ltr'><strong><em>l.</em></strong></span> <span class='ocrx_word' id='word_1_77' title='bbox 1033 1494 1089 1565; x_wconf 90' lang='lat' dir='ltr'>V</span> <span class='ocrx_word' id='word_1_78' title='bbox 1132 1519 1196 1580; x_wconf 82' lang='lat' dir='ltr'><strong><em>p.</em></strong></span> <span class='ocrx_word' id='word_1_79' title='bbox 1242 1494 1345 1578; x_wconf 83' lang='lat'><strong><em>24,</em></strong></span> <span class='ocrx_word' id='word_1_80' title='bbox 1386 1497 1423 1561; x_wconf 88' lang='lat'>9</span> <span class='ocrx_word' id='word_1_81' title='bbox 1467 1519 1602 1584; x_wconf 83' lang='lat' dir='ltr'><strong><em>sqq.</em></strong></span> <span class='ocrx_word' id='word_1_82' title='bbox 1654 1498 1826 1566; x_wconf 87' lang='lat' dir='ltr'><strong><em>Iord.</em></strong></span> <span class='ocrx_word' id='word_1_83' title='bbox 1870 1500 1929 1564; x_wconf 86' lang='lat' dir='ltr'><strong><em>si</em></strong></span> <span class='ocrx_word' id='word_1_84' title='bbox 1978 1502 2119 1584; x_wconf 76' lang='lat' dir='ltr'><strong><em>quis</em></strong></span> <span class='ocrx_word' id='word_1_85' title='bbox 2172 1499 2335 1566; x_wconf 84' lang='lat' dir='ltr'><strong><em>illud</em></strong></span> <span class='ocrx_word' id='word_1_86' title='bbox 2367 1500 2601 1584; x_wconf 81' lang='lat' dir='ltr'><strong><em>facere</em></strong></span> <span class='ocrx_word' id='word_1_87' title='bbox 2639 1523 2773 1567; x_wconf 88' lang='lat' dir='ltr'><strong><em>vo-</em></strong></span> 
     </span>
     <span class='ocr_line' id='line_1_13' title="bbox 718 1597 2774 1686; baseline 0.003 -24"><span class='ocrx_word' id='word_1_88' title='bbox 718 1597 983 1663; x_wconf 77' lang='lat' dir='ltr'><strong><em>luerit</em></strong></span> <span class='ocrx_word' id='word_1_89' title='bbox 1004 1597 1074 1680; x_wconf 90' lang='lat'><strong><em>¹),</em></strong></span> <span class='ocrx_word' id='word_1_90' title='bbox 1134 1598 1306 1663; x_wconf 82' lang='lat' dir='ltr'><strong><em>mille</em></strong></span> <span class='ocrx_word' id='word_1_91' title='bbox 1358 1605 1571 1666; x_wconf 82' lang='lat' dir='ltr'><strong><em>minus</em></strong></span> <span class='ocrx_word' id='word_1_92' title='bbox 1629 1599 1957 1666; x_wconf 81' lang='lat' dir='ltr'><strong><em>dimidium</em></strong></span> <span class='ocrx_word' id='word_1_93' title='bbox 1995 1602 2307 1686; x_wconf 82' lang='lat' dir='ltr'><strong><em>familiae</em></strong></span> <span class='ocrx_word' id='word_1_94' title='bbox 2360 1603 2559 1668; x_wconf 79' lang='lat' dir='ltr'><strong><em>malta</em></strong></span> <span class='ocrx_word' id='word_1_95' title='bbox 2611 1607 2774 1684; x_wconf 84' lang='lat' dir='ltr'><strong><em>esto;</em></strong></span> 
     </span>
     <span class='ocr_line' id='line_1_14' title="bbox 716 1699 2774 1788; baseline 0.005 -25"><span class='ocrx_word' id='word_1_96' title='bbox 716 1700 776 1763; x_wconf 90' lang='lat' dir='ltr'><strong><em>si</em></strong></span> <span class='ocrx_word' id='word_1_97' title='bbox 834 1699 977 1783; x_wconf 82' lang='lat' dir='ltr'><strong><em>quis</em></strong></span> <span class='ocrx_word' id='word_1_98' title='bbox 1023 1699 1181 1784; x_wconf 79' lang='lat' dir='ltr'><strong><em>plus</em></strong></span> <span class='ocrx_word' id='word_1_99' title='bbox 1237 1700 1577 1787; x_wconf 73' lang='lat' dir='ltr'><strong><em>quinyenta</em></strong></span> <span class='ocrx_word' id='word_1_100' title='bbox 1632 1702 1855 1788; x_wconf 77' lang='lat' dir='ltr'><strong><em>iuyera</em></strong></span> <span class='ocrx_word' id='word_1_101' title='bbox 1912 1703 2138 1770; x_wconf 80' lang='lat' dir='ltr'><strong><em>habere</em></strong></span> <span class='ocrx_word' id='word_1_102' title='bbox 2179 1705 2534 1787; x_wconf 81' lang='lat' dir='ltr'><strong><em>voluerit,</em></strong></span> <span class='ocrx_word' id='word_1_103' title='bbox 2596 1710 2774 1773; x_wconf 78' lang='lat' dir='ltr'><strong><em>tanta</em></strong></span> 
     </span>
     <span class='ocr_line' id='line_1_15' title="bbox 708 1801 2768 1888; baseline 0.005 -24"><span class='ocrx_word' id='word_1_104' title='bbox 708 1820 922 1883; x_wconf 79' lang='lat' dir='ltr'><strong><em>poena</em></strong></span> <span class='ocrx_word' id='word_1_105' title='bbox 956 1806 1112 1882; x_wconf 83' lang='lat' dir='ltr'><strong><em>esto;</em></strong></span> <span class='ocrx_word' id='word_1_106' title='bbox 1156 1801 1388 1884; x_wconf 76' lang='lat' dir='ltr'><strong><em>siquis</em></strong></span> <span class='ocrx_word' id='word_1_107' title='bbox 1432 1854 1447 1871; x_wconf 98' lang='lat'><strong><em>.</em></strong></span> <span class='ocrx_word' id='word_1_108' title='bbox 1495 1854 1510 1870; x_wconf 88' lang='lat'><strong><em>.</em></strong></span> <span class='ocrx_word' id='word_1_109' title='bbox 1557 1856 1572 1870; x_wconf 92' lang='lat'><strong><em>.</em></strong></span> <span class='ocrx_word' id='word_1_110' title='bbox 1617 1805 2011 1888; x_wconf 78' lang='lat' dir='ltr'><strong><em>voluerit,</em></strong></span> <span class='ocrx_word' id='word_1_111' title='bbox 2057 1810 2298 1872; x_wconf 78' lang='lat' dir='ltr'><strong><em>tantam</em></strong></span> <span class='ocrx_word' id='word_1_112' title='bbox 2327 1806 2593 1874; x_wconf 78' lang='lat' dir='ltr'><strong><em>damnas</em></strong></span> <span class='ocrx_word' id='word_1_113' title='bbox 2628 1812 2768 1874; x_wconf 85' lang='lat' dir='ltr'><strong><em>esto.</em></strong></span> 
     </span>
    </p>

    <p class='ocr_par' dir='ltr' id='par_1_9' title="bbox 557 1899 2766 2193">
     <span class='ocr_line' id='line_1_16' title="bbox 557 1899 2766 1994; baseline 0.005 -31"><span class='ocrx_word' id='word_1_114' title='bbox 557 1899 760 1965; x_wconf 88' lang='lat' dir='ltr'><strong><em>Lucil.</em></strong></span> <span class='ocrx_word' id='word_1_115' title='bbox 802 1901 1092 1985; x_wconf 87' lang='lat' dir='ltr'>XXVII,</span> <span class='ocrx_word' id='word_1_116' title='bbox 1134 1902 1214 1968; x_wconf 80' lang='lat'><strong><em>32</em></strong></span> <span class='ocrx_word' id='word_1_117' title='bbox 1258 1903 1345 1969; x_wconf 88' lang='lat' dir='ltr'><strong><em>M.</em></strong></span> <span class='ocrx_word' id='word_1_118' title='bbox 1389 1903 1614 1987; x_wconf 80' lang='lat' dir='ltr'><strong><em>quodsi</em></strong></span> <span class='ocrx_word' id='word_1_119' title='bbox 1649 1904 1992 1991; x_wconf 76' lang='lat' dir='ltr'><strong><em>paulisper</em></strong></span> <span class='ocrx_word' id='word_1_120' title='bbox 2044 1910 2304 1991; x_wconf 80' lang='lat' dir='ltr'><strong><em>captare</em></strong></span> <span class='ocrx_word' id='word_1_121' title='bbox 2345 1914 2532 1994; x_wconf 81' lang='lat' dir='ltr'><strong><em>atque</em></strong></span> <span class='ocrx_word' id='word_1_122' title='bbox 2575 1912 2766 1977; x_wconf 76' lang='lat' dir='ltr'><strong><em>obser·</em></strong></span> 
     </span>
     <span class='ocr_line' id='line_1_17' title="bbox 711 2004 2764 2096; baseline 0.003 -27"><span class='ocrx_word' id='word_1_123' title='bbox 711 2023 870 2070; x_wconf 79' lang='lat' dir='ltr'><strong><em>vare</em></strong></span> <span class='ocrx_word' id='word_1_124' title='bbox 923 2004 1075 2070; x_wconf 81' lang='lat' dir='ltr'><strong><em>haec</em></strong></span> <span class='ocrx_word' id='word_1_125' title='bbox 1131 2005 1545 2090; x_wconf 77' lang='lat' dir='ltr'><strong><em>volueris,</em></strong></span> <span class='ocrx_word' id='word_1_126' title='bbox 1620 2006 1784 2072; x_wconf 82' lang='lat' dir='ltr'><strong><em>Rem</em></strong></span> <span class='ocrx_word' id='word_1_127' title='bbox 1847 2028 2178 2096; x_wconf 75' lang='lat' dir='ltr'><strong><em>coynoscas</em></strong></span> <span class='ocrx_word' id='word_1_128' title='bbox 2238 2009 2427 2075; x_wconf 79' lang='lat' dir='ltr'><strong><em>simul</em></strong></span> <span class='ocrx_word' id='word_1_129' title='bbox 2484 2015 2540 2076; x_wconf 90' lang='lat' dir='ltr'><strong><em>et</em></strong></span> <span class='ocrx_word' id='word_1_130' title='bbox 2591 2010 2764 2077; x_wconf 82' lang='lat' dir='ltr'><strong><em>dictis</em></strong></span> 
     </span>
     <span class='ocr_line' id='line_1_18' title="bbox 714 2106 1657 2193; baseline 0.005 -24"><span class='ocrx_word' id='word_1_131' title='bbox 714 2110 995 2170; x_wconf 80' lang='lat' dir='ltr'><strong><em>animum</em></strong></span> <span class='ocrx_word' id='word_1_132' title='bbox 1038 2106 1337 2173; x_wconf 79' lang='lat' dir='ltr'><strong><em>adtendas</em></strong></span> <span class='ocrx_word' id='word_1_133' title='bbox 1380 2109 1657 2193; x_wconf 79' lang='lat' dir='ltr'><strong><em>postulo,</em></strong></span> 
     </span>
    </p>

    <p class='ocr_par' dir='ltr' id='par_1_10' title="bbox 533 2208 2771 2399">
     <span class='ocr_line' id='line_1_19' title="bbox 533 2208 2769 2299; baseline 0.004 -29"><span class='ocrx_word' id='word_1_134' title='bbox 533 2211 743 2276; x_wconf 85' lang='lat' dir='ltr'><strong><em>.Varr.</em></strong></span> <span class='ocrx_word' id='word_1_135' title='bbox 788 2233 839 2277; x_wconf 88' lang='lat' dir='ltr'><strong><em>r.</em></strong></span> <span class='ocrx_word' id='word_1_136' title='bbox 885 2233 937 2276; x_wconf 90' lang='lat' dir='ltr'><strong><em>r.</em></strong></span> <span class='ocrx_word' id='word_1_137' title='bbox 984 2208 1071 2292; x_wconf 87' lang='grc' dir='ltr'><strong><em>ΙΙ,</em></strong></span> <span class='ocrx_word' id='word_1_138' title='bbox 1118 2210 1176 2293; x_wconf 81' lang='lat'><strong><em>7,</em></strong></span> <span class='ocrx_word' id='word_1_139' title='bbox 1201 2210 1240 2272; x_wconf 87' lang='grc'>2</span> <span class='ocrx_word' id='word_1_140' title='bbox 1286 2208 1536 2276; x_wconf 74' lang='lat' dir='ltr'><strong><em>Horam</em></strong></span> <span class='ocrx_word' id='word_1_141' title='bbox 1597 2229 1899 2296; x_wconf 80' lang='lat' dir='ltr'><strong><em>equorum</em></strong></span> <span class='ocrx_word' id='word_1_142' title='bbox 1959 2214 2015 2276; x_wconf 89' lang='lat' dir='ltr'><strong><em>et</em></strong></span> <span class='ocrx_word' id='word_1_143' title='bbox 2058 2230 2363 2296; x_wconf 78' lang='lat' dir='ltr'><strong><em>equarum·</em></strong></span> <span class='ocrx_word' id='word_1_144' title='bbox 2398 2234 2615 2298; x_wconf 77' lang='lat' dir='ltr'><strong><em>yreyes</em></strong></span> <span class='ocrx_word' id='word_1_145' title='bbox 2658 2215 2769 2299; x_wconf 82' lang='lat' dir='ltr'><strong><em>qui</em></strong></span> 
     </span>
     <span class='ocr_line' id='line_1_20' title="bbox 717 2311 2771 2399; baseline 0.003 -23"><span class='ocrx_word' id='word_1_146' title='bbox 717 2311 945 2378; x_wconf 83' lang='lat' dir='ltr'><strong><em>habere</em></strong></span> <span class='ocrx_word' id='word_1_147' title='bbox 986 2311 1366 2377; x_wconf 79' lang='lat' dir='ltr'><strong><em>voluerint</em></strong></span> <span class='ocrx_word' id='word_1_148' title='bbox 1408 2358 1421 2375; x_wconf 91' lang='lat'><strong><em>.</em></strong></span> <span class='ocrx_word' id='word_1_149' title='bbox 1469 2365 1483 2380; x_wconf 92' lang='lat'><strong><em>.</em></strong></span> <span class='ocrx_word' id='word_1_150' title='bbox 1528 2359 1543 2376; x_wconf 91' lang='lat'><strong><em>.</em></strong></span> <span class='ocrx_word' id='word_1_151' title='bbox 1581 2314 1868 2399; x_wconf 80' lang='lat' dir='ltr'><strong><em>primum</em></strong></span> <span class='ocrx_word' id='word_1_152' title='bbox 1902 2317 2185 2399; x_wconf 78' lang='lat' dir='ltr'><strong><em>spectare</em></strong></span> <span class='ocrx_word' id='word_1_153' title='bbox 2221 2318 2457 2399; x_wconf 76' lang='lat' dir='ltr'><strong><em>oportet</em></strong></span> <span class='ocrx_word' id='word_1_154' title='bbox 2491 2319 2771 2383; x_wconf 84' lang='lat' dir='ltr'><strong><em>aetatem.</em></strong></span> 
     </span>
    </p>

    <p class='ocr_par' dir='ltr' id='par_1_11' title="bbox 547 2414 2769 2603">
     <span class='ocr_line' id='line_1_21' title="bbox 547 2414 2769 2505; baseline 0.002 -25"><span class='ocrx_word' id='word_1_155' title='bbox 547 2414 758 2480; x_wconf 85' lang='lat' dir='ltr'><strong><em>Plaut.</em></strong></span> <span class='ocrx_word' id='word_1_156' title='bbox 808 2416 981 2481; x_wconf 81' lang='lat' dir='ltr'><strong><em>Asin.</em></strong></span> <span class='ocrx_word' id='word_1_157' title='bbox 1025 2416 1144 2480; x_wconf 88' lang='grc'><strong><em>116</em></strong></span> <span class='ocrx_word' id='word_1_158' title='bbox 1187 2415 1406 2481; x_wconf 73' lang='lat' dir='ltr'><strong><em>Audin</em></strong></span> <span class='ocrx_word' id='word_1_159' title='bbox 1435 2416 1547 2481; x_wconf 72' lang='lat' dir='ltr'><strong><em>tu?</em></strong></span> <span class='ocrx_word' id='word_1_160' title='bbox 1591 2415 1764 2501; x_wconf 79' lang='lat' dir='ltr'><strong><em>apud</em></strong></span> <span class='ocrx_word' id='word_1_161' title='bbox 1803 2416 2218 2482; x_wconf 78' lang='lat' dir='ltr'><strong><em>Archibulum</em></strong></span> <span class='ocrx_word' id='word_1_162' title='bbox 2254 2435 2362 2502; x_wconf 73' lang='lat' dir='ltr'><strong><em>eqo</em></strong></span> <span class='ocrx_word' id='word_1_163' title='bbox 2401 2437 2507 2481; x_wconf 81' lang='lat' dir='ltr'><strong><em>ero</em></strong></span> <span class='ocrx_word' id='word_1_164' title='bbox 2548 2438 2769 2505; x_wconf 73' lang='lat' dir='ltr'><strong><em>arqen—</em></strong></span> 
     </span>
     <span class='ocr_line' id='line_1_22' title="bbox 710 2515 2649 2603; baseline 0.002 -21"><span class='ocrx_word' id='word_1_165' title='bbox 710 2521 966 2584; x_wconf 80' lang='lat' dir='ltr'><strong><em>tarium.</em></strong></span> <span class='ocrx_word' id='word_1_166' title='bbox 997 2521 1027 2598; x_wconf 89' lang='grc' dir='ltr'><strong><em>ΙΙ</em></strong></span> <span class='ocrx_word' id='word_1_167' title='bbox 1055 2515 1298 2603; x_wconf 85' lang='lat' dir='ltr'><strong><em>Nempe</em></strong></span> <span class='ocrx_word' id='word_1_168' title='bbox 1338 2518 1407 2582; x_wconf 79' lang='lat' dir='ltr'><strong><em>in</em></strong></span> <span class='ocrx_word' id='word_1_169' title='bbox 1433 2518 1699 2603; x_wconf 73' lang='lat' dir='ltr'><strong><em>foro.2ss</em></strong></span> <span class='ocrx_word' id='word_1_170' title='bbox 1727 2517 1847 2600; x_wconf 76' lang='lat' dir='ltr'><strong><em>Ibi,</em></strong></span> <span class='ocrx_word' id='word_1_171' title='bbox 1888 2524 1948 2583; x_wconf 79' lang='lat' dir='ltr'><strong><em>si</em></strong></span> <span class='ocrx_word' id='word_1_172' title='bbox 1988 2518 2141 2602; x_wconf 79' lang='lat' dir='ltr'><strong><em>quid</em></strong></span> <span class='ocrx_word' id='word_1_173' title='bbox 2184 2537 2344 2603; x_wconf 85' lang='lat' dir='ltr'><strong><em>opus</em></strong></span> <span class='ocrx_word' id='word_1_174' title='bbox 2368 2518 2649 2601; x_wconf 79' lang='lat' dir='ltr'><strong><em>fuerit.</em></strong></span> 
     </span>
    </p>

    <p class='ocr_par' dir='ltr' id='par_1_12' title="bbox 548 2619 2404 2706">
     <span class='ocr_line' id='line_1_23' title="bbox 548 2619 2404 2706; baseline -0.001 -22"><span class='ocrx_word' id='word_1_175' title='bbox 548 2620 725 2688; x_wconf 87' lang='lat' dir='ltr'><strong><em>Asin.</em></strong></span> <span class='ocrx_word' id='word_1_176' title='bbox 773 2620 894 2685; x_wconf 80' lang='lat'><strong><em>782</em></strong></span> <span class='ocrx_word' id='word_1_177' title='bbox 939 2622 997 2683; x_wconf 88' lang='lat' dir='ltr'><strong><em>si</em></strong></span> <span class='ocrx_word' id='word_1_178' title='bbox 1037 2621 1239 2705; x_wconf 74' lang='lat' dir='ltr'><strong><em>mayis</em></strong></span> <span class='ocrx_word' id='word_1_179' title='bbox 1280 2621 1580 2706; x_wconf 76' lang='lat' dir='ltr'><strong><em>reliqiosa</em></strong></span> <span class='ocrx_word' id='word_1_180' title='bbox 1603 2620 1894 2704; x_wconf 80' lang='lat' dir='ltr'><strong><em>fuerit,</em></strong></span> <span class='ocrx_word' id='word_1_181' title='bbox 1941 2619 2082 2687; x_wconf 76' lang='lat' dir='ltr'><strong><em>Tibi</em></strong></span> <span class='ocrx_word' id='word_1_182' title='bbox 2125 2619 2404 2701; x_wconf 74' lang='lat' dir='ltr'><strong><em>dicat2).9</em></strong></span> 
     </span>
    </p>
   </div>
   <div class='ocr_carea' id='block_1_4' title="bbox 531 2866 2768 4259">
    <p class='ocr_par' dir='ltr' id='par_1_13' title="bbox 536 2866 2767 3535">
     <span class='ocr_line' id='line_1_24' title="bbox 540 2866 2767 2931; baseline -0.001 -14"><span class='ocrx_word' id='word_1_183' title='bbox 540 2868 823 2919; x_wconf 71' lang='lat' dir='ltr'><strong><em>adsciscere</em></strong></span> <span class='ocrx_word' id='word_1_184' title='bbox 869 2868 1129 2918; x_wconf 85' lang='lat' dir='ltr'><strong><em>videntur:</em></strong></span> <span class='ocrx_word' id='word_1_185' title='bbox 1202 2869 1354 2918; x_wconf 90' lang='lat' dir='ltr'><strong><em>Poen.</em></strong></span> <span class='ocrx_word' id='word_1_186' title='bbox 1403 2868 1495 2930; x_wconf 92' lang='lat'>111,</span> <span class='ocrx_word' id='word_1_187' title='bbox 1535 2872 1584 2929; x_wconf 85' lang='lat'><strong><em>4,</em></strong></span> <span class='ocrx_word' id='word_1_188' title='bbox 1626 2872 1684 2917; x_wconf 83' lang='lat'><strong><em>17</em></strong></span> <span class='ocrx_word' id='word_1_189' title='bbox 1737 2882 1927 2931; x_wconf 79' lang='lat' dir='ltr'><strong><em>quom</em></strong></span> <span class='ocrx_word' id='word_1_190' title='bbox 1977 2881 2105 2917; x_wconf 72' lang='lat' dir='ltr'><strong><em>usus</em></strong></span> <span class='ocrx_word' id='word_1_191' title='bbox 2160 2870 2400 2916; x_wconf 75' lang='lat' dir='ltr'><strong><em>veniet</em></strong></span> <span class='ocrx_word' id='word_1_192' title='bbox 2448 2866 2603 2915; x_wconf 85' lang='lat' dir='ltr'><strong><em>Stich.</em></strong></span> <span class='ocrx_word' id='word_1_193' title='bbox 2666 2868 2767 2914; x_wconf 82' lang='grc'><strong><em>475</em></strong></span> 
     </span>
     <span class='ocr_line' id='line_1_25' title="bbox 540 2954 2764 3022; baseline -0.003 -13"><span class='ocrx_word' id='word_1_194' title='bbox 540 2958 819 3022; x_wconf 78' lang='lat' dir='ltr'><strong><em>quando</em></strong></span> <span class='ocrx_word' id='word_1_195' title='bbox 857 2972 982 3008; x_wconf 72' lang='lat' dir='ltr'><strong><em>usus</em></strong></span> <span class='ocrx_word' id='word_1_196' title='bbox 1015 2959 1274 3007; x_wconf 75' lang='lat' dir='ltr'><strong><em>veniet.</em></strong></span> <span class='ocrx_word' id='word_1_197' title='bbox 1345 2956 1533 3005; x_wconf 82' lang='lat' dir='ltr'><strong><em>Tamen</em></strong></span> <span class='ocrx_word' id='word_1_198' title='bbox 1573 2958 1722 3006; x_wconf 90' lang='lat' dir='ltr'><strong><em>etiam</em></strong></span> <span class='ocrx_word' id='word_1_199' title='bbox 1759 2958 1850 3006; x_wconf 74' lang='lat' dir='ltr'><strong><em>flat.</em></strong></span> <span class='ocrx_word' id='word_1_200' title='bbox 1886 2957 1951 3005; x_wconf 91' lang='lat'><strong><em>11.</em></strong></span> <span class='ocrx_word' id='word_1_201' title='bbox 1985 2957 2268 3004; x_wconf 77' lang='lat' dir='ltr'><strong><em>invenitur:</em></strong></span> <span class='ocrx_word' id='word_1_202' title='bbox 2324 2954 2435 3006; x_wconf 84' lang='lat' dir='ltr'><strong><em>Ter.</em></strong></span> <span class='ocrx_word' id='word_1_203' title='bbox 2470 2955 2624 3003; x_wconf 82' lang='lat' dir='ltr'><strong><em>Haut.</em></strong></span> <span class='ocrx_word' id='word_1_204' title='bbox 2662 2954 2764 3003; x_wconf 80' lang='grc'><strong><em>557</em></strong></span> 
     </span>
     <span class='ocr_line' id='line_1_26' title="bbox 540 3042 2767 3110; baseline -0.002 -15"><span class='ocrx_word' id='word_1_205' title='bbox 540 3046 599 3095; x_wconf 80' lang='lat' dir='ltr'><strong><em>de</em></strong></span> <span class='ocrx_word' id='word_1_206' title='bbox 631 3049 759 3095; x_wconf 76' lang='lat' dir='ltr'><strong><em>istoc</em></strong></span> <span class='ocrx_word' id='word_1_207' title='bbox 805 3060 995 3110; x_wconf 77' lang='lat' dir='ltr'><strong><em>quom</em></strong></span> <span class='ocrx_word' id='word_1_208' title='bbox 1029 3061 1153 3097; x_wconf 77' lang='lat' dir='ltr'><strong><em>usus</em></strong></span> <span class='ocrx_word' id='word_1_209' title='bbox 1187 3049 1489 3106; x_wconf 76' lang='lat' dir='ltr'><strong><em>venerit,</em></strong></span> <span class='ocrx_word' id='word_1_210' title='bbox 1521 3045 1822 3107; x_wconf 72' lang='lat' dir='ltr'><strong><em>videbimus,</em></strong></span> <span class='ocrx_word' id='word_1_211' title='bbox 1861 3044 1990 3109; x_wconf 77' lang='lat' dir='ltr'><strong><em>quid</em></strong></span> <span class='ocrx_word' id='word_1_212' title='bbox 2024 3056 2150 3103; x_wconf 77' lang='lat' dir='ltr'><strong><em>opus</em></strong></span> <span class='ocrx_word' id='word_1_213' title='bbox 2183 3046 2270 3095; x_wconf 76' lang='lat' dir='ltr'><strong><em>eit.</em></strong></span> <span class='ocrx_word' id='word_1_214' title='bbox 2333 3042 2515 3093; x_wconf 78' lang='lat' dir='ltr'><strong><em>Contra</em></strong></span> <span class='ocrx_word' id='word_1_215' title='bbox 2541 3044 2596 3090; x_wconf 89' lang='lat' dir='ltr'><strong><em>in</em></strong></span> <span class='ocrx_word' id='word_1_216' title='bbox 2621 3057 2767 3095; x_wconf 78' lang='lat' dir='ltr'><strong><em>versu</em></strong></span> 
     </span>
     <span class='ocr_line' id='line_1_27' title="bbox 536 3133 2767 3197; baseline -0.001 -14"><span class='ocrx_word' id='word_1_217' title='bbox 536 3137 766 3197; x_wconf 83' lang='lat' dir='ltr'><strong><em>proxime</em></strong></span> <span class='ocrx_word' id='word_1_218' title='bbox 801 3136 1130 3185; x_wconf 75' lang='lat' dir='ltr'><strong><em>antecedente</em></strong></span> <span class='ocrx_word' id='word_1_219' title='bbox 1155 3137 1300 3194; x_wconf 88' lang='grc'><strong>(556)</strong></span> <span class='ocrx_word' id='word_1_220' title='bbox 1322 3148 1435 3185; x_wconf 89' lang='lat' dir='ltr'><strong><em>cum</em></strong></span> <span class='ocrx_word' id='word_1_221' title='bbox 1471 3137 1518 3184; x_wconf 74' lang='lat' dir='ltr'><strong><em>si</em></strong></span> <span class='ocrx_word' id='word_1_222' title='bbox 1550 3134 1800 3196; x_wconf 76' lang='lat' dir='ltr'><strong><em>particula</em></strong></span> <span class='ocrx_word' id='word_1_223' title='bbox 1836 3135 2034 3182; x_wconf 78' lang='lat' dir='ltr'><strong><em>iunctus</em></strong></span> <span class='ocrx_word' id='word_1_224' title='bbox 2074 3137 2149 3181; x_wconf 80' lang='lat' dir='ltr'><strong><em>est</em></strong></span> <span class='ocrx_word' id='word_1_225' title='bbox 2182 3133 2571 3195; x_wconf 72' lang='lat' dir='ltr'><strong><em>praesentis</em></strong></span> <span class='ocrx_word' id='word_1_226' title='bbox 2607 3145 2767 3181; x_wconf 89' lang='lat' dir='ltr'><strong><em>con-</em></strong></span> 
     </span>
     <span class='ocr_line' id='line_1_28' title="bbox 536 3222 2765 3288; baseline -0 -17"><span class='ocrx_word' id='word_1_227' title='bbox 536 3225 921 3273; x_wconf 81' lang='lat' dir='ltr'><strong><em>iunctivae:</em></strong></span> <span class='ocrx_word' id='word_1_228' title='bbox 975 3225 1040 3273; x_wconf 75' lang='lat' dir='ltr'><strong><em>Et</em></strong></span> <span class='ocrx_word' id='word_1_229' title='bbox 1073 3239 1136 3274; x_wconf 77' lang='lat' dir='ltr'><strong><em>ne</em></strong></span> <span class='ocrx_word' id='word_1_230' title='bbox 1170 3239 1259 3288; x_wconf 75' lang='lat' dir='ltr'><strong><em>eye</em></strong></span> <span class='ocrx_word' id='word_1_231' title='bbox 1296 3229 1358 3282; x_wconf 80' lang='lat' dir='ltr'><strong><em>te,</em></strong></span> <span class='ocrx_word' id='word_1_232' title='bbox 1395 3227 1455 3273; x_wconf 77' lang='lat' dir='ltr'><strong><em>si</em></strong></span> <span class='ocrx_word' id='word_1_233' title='bbox 1486 3238 1653 3273; x_wconf 75' lang='lat' dir='ltr'><strong><em>usus</em></strong></span> <span class='ocrx_word' id='word_1_234' title='bbox 1688 3226 1955 3282; x_wconf 78' lang='lat' dir='ltr'><strong><em>veniat,</em></strong></span> <span class='ocrx_word' id='word_1_235' title='bbox 2005 3223 2294 3285; x_wconf 71' lang='lat' dir='ltr'><strong><em>maynifice,</em></strong></span> <span class='ocrx_word' id='word_1_236' title='bbox 2346 3222 2585 3280; x_wconf 75' lang='lat' dir='ltr'><strong><em>Chremes,</em></strong></span> <span class='ocrx_word' id='word_1_237' title='bbox 2625 3227 2765 3271; x_wconf 78' lang='lat' dir='ltr'><strong><em>trac-</em></strong></span> 
     </span>
     <span class='ocr_line' id='line_1_29' title="bbox 538 3309 2765 3373; baseline 0.001 -16"><span class='ocrx_word' id='word_1_238' title='bbox 538 3315 647 3360; x_wconf 78' lang='lat' dir='ltr'><strong><em>tare</em></strong></span> <span class='ocrx_word' id='word_1_239' title='bbox 680 3313 890 3373; x_wconf 76' lang='lat' dir='ltr'><strong><em>poesim.</em></strong></span> <span class='ocrx_word' id='word_1_240' title='bbox 942 3311 1120 3360; x_wconf 90' lang='lat' dir='ltr'><strong><em>Idem</em></strong></span> <span class='ocrx_word' id='word_1_241' title='bbox 1158 3311 1333 3360; x_wconf 85' lang='lat' dir='ltr'><strong><em>modue</em></strong></span> <span class='ocrx_word' id='word_1_242' title='bbox 1371 3312 1611 3361; x_wconf 87' lang='lat' dir='ltr'><strong><em>orationis</em></strong></span> <span class='ocrx_word' id='word_1_243' title='bbox 1648 3310 2137 3373; x_wconf 83' lang='lat' dir='ltr'><strong><em>implicationi</em></strong></span> <span class='ocrx_word' id='word_1_244' title='bbox 2176 3310 2348 3359; x_wconf 84' lang='lat' dir='ltr'><strong><em>deberi</em></strong></span> <span class='ocrx_word' id='word_1_245' title='bbox 2386 3309 2615 3360; x_wconf 81' lang='lat' dir='ltr'><strong><em>videtur:</em></strong></span> <span class='ocrx_word' id='word_1_246' title='bbox 2655 3310 2765 3359; x_wconf 85' lang='lat' dir='ltr'><strong><em>Mil.</em></strong></span> 
     </span>
     <span class='ocr_line' id='line_1_30' title="bbox 538 3397 2765 3458; baseline -0.002 -10"><span class='ocrx_word' id='word_1_247' title='bbox 538 3404 567 3448; x_wconf 85' lang='lat'><strong>3</strong></span> <span class='ocrx_word' id='word_1_248' title='bbox 606 3402 681 3457; x_wconf 84' lang='lat' dir='ltr'><strong><em>ut,</em></strong></span> <span class='ocrx_word' id='word_1_249' title='bbox 737 3399 856 3449; x_wconf 75' lang='lat' dir='ltr'><strong><em>ubi</em></strong></span> <span class='ocrx_word' id='word_1_250' title='bbox 889 3413 1015 3449; x_wconf 72' lang='lat' dir='ltr'><strong><em>usus</em></strong></span> <span class='ocrx_word' id='word_1_251' title='bbox 1048 3416 1080 3448; x_wconf 86' lang='grc' dir='ltr'>υ</span> <span class='ocrx_word' id='word_1_252' title='bbox 1097 3402 1317 3458; x_wconf 69' lang='lat' dir='ltr'><strong><em>emat,</em></strong></span> <span class='ocrx_word' id='word_1_253' title='bbox 1374 3404 1558 3449; x_wconf 73' lang='lat' dir='ltr'><strong><em>contra</em></strong></span> <span class='ocrx_word' id='word_1_254' title='bbox 1607 3402 1842 3448; x_wconf 71' lang='lat' dir='ltr'><strong><em>conserta</em></strong></span> <span class='ocrx_word' id='word_1_255' title='bbox 1885 3411 2048 3447; x_wconf 79' lang='lat' dir='ltr'><strong><em>manu</em></strong></span> <span class='ocrx_word' id='word_1_256' title='bbox 2092 3398 2445 3458; x_wconf 71' lang='lat' dir='ltr'><strong><em>praestrinyat</em></strong></span> <span class='ocrx_word' id='word_1_257' title='bbox 2497 3397 2765 3447; x_wconf 77' lang='lat' dir='ltr'><strong><em>oculorum</em></strong></span> 
     </span>
     <span class='ocr_line' id='line_1_31' title="bbox 538 3488 715 3535; baseline -0.017 1"><span class='ocrx_word' id='word_1_258' title='bbox 538 3488 715 3535; x_wconf 73' lang='lat' dir='ltr'><strong><em>aciem.</em></strong></span> 
     </span>
    </p>

    <p class='ocr_par' dir='ltr' id='par_1_14' title="bbox 535 3571 2768 3900">
     <span class='ocr_line' id='line_1_32' title="bbox 714 3571 2763 3637; baseline -0.001 -15"><span class='ocrx_word' id='word_1_259' title='bbox 714 3571 753 3632; x_wconf 85' lang='lat'><strong><em>¹)</em></strong></span> <span class='ocrx_word' id='word_1_260' title='bbox 788 3573 863 3622; x_wconf 92' lang='lat' dir='ltr'><strong><em>De</em></strong></span> <span class='ocrx_word' id='word_1_261' title='bbox 913 3576 1115 3624; x_wconf 82' lang='lat' dir='ltr'><strong><em>notione</em></strong></span> <span class='ocrx_word' id='word_1_262' title='bbox 1165 3575 1388 3623; x_wconf 85' lang='lat' dir='ltr'><strong><em>futuri</em></strong></span> <span class='ocrx_word' id='word_1_263' title='bbox 1440 3573 1502 3623; x_wconf 87' lang='lat'><strong><em>11.</em></strong></span> <span class='ocrx_word' id='word_1_264' title='bbox 1552 3573 1936 3624; x_wconf 73' lang='lat' dir='ltr'><strong><em>indicativi</em></strong></span> <span class='ocrx_word' id='word_1_265' title='bbox 1975 3577 2183 3625; x_wconf 79' lang='lat' dir='ltr'><strong><em>voluero</em></strong></span> <span class='ocrx_word' id='word_1_266' title='bbox 2220 3579 2452 3637; x_wconf 74' lang='lat' dir='ltr'><strong><em>(pomero</em></strong></span> <span class='ocrx_word' id='word_1_267' title='bbox 2500 3573 2680 3636; x_wconf 85' lang='lat' dir='ltr'><strong><em>simil.)</em></strong></span> <span class='ocrx_word' id='word_1_268' title='bbox 2716 3587 2763 3621; x_wconf 79' lang='lat' dir='ltr'><strong><em>v.</em></strong></span> 
     </span>
     <span class='ocr_line' id='line_1_33' title="bbox 535 3660 2768 3725; baseline 0.001 -16"><span class='ocrx_word' id='word_1_269' title='bbox 535 3660 757 3723; x_wconf 75' lang='lat' dir='ltr'><strong><em>impl-im.</em></strong></span> <span class='ocrx_word' id='word_1_270' title='bbox 811 3660 1031 3722; x_wconf 81' lang='lat' dir='ltr'><strong><em>Madvig.</em></strong></span> <span class='ocrx_word' id='word_1_271' title='bbox 1064 3661 1102 3712; x_wconf 91' lang='lat'><strong><em>1.</em></strong></span> <span class='ocrx_word' id='word_1_272' title='bbox 1139 3675 1177 3712; x_wconf 83' lang='lat' dir='ltr'><strong><em>s.</em></strong></span> <span class='ocrx_word' id='word_1_273' title='bbox 1220 3675 1261 3711; x_wconf 84' lang='lat' dir='ltr'><strong><em>e.</em></strong></span> <span class='ocrx_word' id='word_1_274' title='bbox 1300 3675 1349 3725; x_wconf 85' lang='lat' dir='ltr'><strong><em>p.</em></strong></span> <span class='ocrx_word' id='word_1_275' title='bbox 1388 3661 1453 3710; x_wconf 84' lang='lat'><strong><em>83</em></strong></span> <span class='ocrx_word' id='word_1_276' title='bbox 1491 3666 1592 3710; x_wconf 86' lang='lat' dir='ltr'><strong><em>not.</em></strong></span> <span class='ocrx_word' id='word_1_277' title='bbox 1664 3662 1883 3711; x_wconf 82' lang='lat' dir='ltr'><strong><em>Eandem</em></strong></span> <span class='ocrx_word' id='word_1_278' title='bbox 1935 3663 2040 3713; x_wconf 71' lang='lat' dir='ltr'><strong><em>fere</em></strong></span> <span class='ocrx_word' id='word_1_279' title='bbox 2089 3665 2344 3713; x_wconf 84' lang='lat' dir='ltr'><strong><em>notionem</em></strong></span> <span class='ocrx_word' id='word_1_280' title='bbox 2397 3662 2485 3712; x_wconf 86' lang='lat' dir='ltr'><strong><em>hic</em></strong></span> <span class='ocrx_word' id='word_1_281' title='bbox 2526 3661 2768 3711; x_wconf 81' lang='lat' dir='ltr'><strong><em>adsciscit</em></strong></span> 
     </span>
     <span class='ocr_line' id='line_1_34' title="bbox 535 3743 2763 3817; baseline -0.001 -19"><span class='ocrx_word' id='word_1_282' title='bbox 535 3743 742 3811; x_wconf 85' lang='lat' dir='ltr'><strong><em>perfecti</em></strong></span> <span class='ocrx_word' id='word_1_283' title='bbox 789 3750 1142 3799; x_wconf 80' lang='lat' dir='ltr'><strong><em>coniunctivue</em></strong></span> <span class='ocrx_word' id='word_1_284' title='bbox 1192 3749 1322 3817; x_wconf 82' lang='lat' dir='ltr'><strong><em>(nisi</em></strong></span> <span class='ocrx_word' id='word_1_285' title='bbox 1371 3750 1573 3797; x_wconf 83' lang='lat' dir='ltr'><strong><em>omnino</em></strong></span> <span class='ocrx_word' id='word_1_286' title='bbox 1624 3749 2072 3800; x_wconf 81' lang='lat' dir='ltr'><strong><em>indicativae</em></strong></span> <span class='ocrx_word' id='word_1_287' title='bbox 2127 3752 2220 3801; x_wconf 80' lang='lat' dir='ltr'><strong><em>fut.</em></strong></span> <span class='ocrx_word' id='word_1_288' title='bbox 2256 3752 2322 3798; x_wconf 92' lang='lat'><strong><em>11.</em></strong></span> <span class='ocrx_word' id='word_1_289' title='bbox 2358 3750 2450 3797; x_wconf 88' lang='lat' dir='ltr'><strong><em>hoc</em></strong></span> <span class='ocrx_word' id='word_1_290' title='bbox 2493 3751 2606 3810; x_wconf 84' lang='lat' dir='ltr'><strong><em>ipso</em></strong></span> <span class='ocrx_word' id='word_1_291' title='bbox 2655 3750 2763 3797; x_wconf 89' lang='lat' dir='ltr'><strong><em>loco</em></strong></span> 
     </span>
     <span class='ocr_line' id='line_1_35' title="bbox 536 3837 1030 3900; baseline 0.006 -15"><span class='ocrx_word' id='word_1_292' title='bbox 536 3837 880 3899; x_wconf 80' lang='lat' dir='ltr'><strong><em>agnoscendus</em></strong></span> <span class='ocrx_word' id='word_1_293' title='bbox 917 3838 1030 3900; x_wconf 80' lang='lat' dir='ltr'><strong><em>est).</em></strong></span> 
     </span>
    </p>

    <p class='ocr_par' dir='ltr' id='par_1_15' title="bbox 531 3908 2764 4259">
     <span class='ocr_line' id='line_1_36' title="bbox 710 3908 2757 3989; baseline -0.001 -13"><span class='ocrx_word' id='word_1_294' title='bbox 710 3922 760 3989; x_wconf 78' lang='lat'><strong><em>²)</em></strong></span> <span class='ocrx_word' id='word_1_295' title='bbox 799 3927 885 3976; x_wconf 85' lang='lat' dir='ltr'><strong><em>Sat</em></strong></span> <span class='ocrx_word' id='word_1_296' title='bbox 913 3927 1068 3975; x_wconf 84' lang='lat' dir='ltr'><strong><em>multa</em></strong></span> <span class='ocrx_word' id='word_1_297' title='bbox 1097 3928 1336 3987; x_wconf 86' lang='lat' dir='ltr'><strong><em>exempla,</em></strong></span> <span class='ocrx_word' id='word_1_298' title='bbox 1377 3940 1501 3989; x_wconf 90' lang='lat' dir='ltr'><strong><em>quae</em></strong></span> <span class='ocrx_word' id='word_1_299' title='bbox 1537 3926 1720 3976; x_wconf 86' lang='lat' dir='ltr'><strong><em>Rothh.</em></strong></span> <span class='ocrx_word' id='word_1_300' title='bbox 1756 3928 1960 3976; x_wconf 86' lang='lat' dir='ltr'><strong><em>nomine</em></strong></span> <span class='ocrx_word' id='word_1_301' title='bbox 1995 3928 2206 3988; x_wconf 79' lang='lat' dir='ltr'><strong><em>perfecti</em></strong></span> <span class='ocrx_word' id='word_1_302' title='bbox 2242 3908 2757 3985; x_wconf 70' lang='lat' dir='ltr'><strong><em>coniunctivi&#39;adfert,</em></strong></span> 
     </span>
     <span class='ocr_line' id='line_1_37' title="bbox 533 4013 2758 4077; baseline 0 -15"><span class='ocrx_word' id='word_1_303' title='bbox 533 4028 644 4064; x_wconf 88' lang='lat' dir='ltr'><strong><em>meo</em></strong></span> <span class='ocrx_word' id='word_1_304' title='bbox 684 4013 887 4076; x_wconf 82' lang='lat' dir='ltr'><strong><em>quidem</em></strong></span> <span class='ocrx_word' id='word_1_305' title='bbox 925 4015 1121 4064; x_wconf 87' lang='lat' dir='ltr'><strong><em>iudicio</em></strong></span> <span class='ocrx_word' id='word_1_306' title='bbox 1158 4014 1220 4063; x_wconf 90' lang='lat' dir='ltr'><strong><em>ad</em></strong></span> <span class='ocrx_word' id='word_1_307' title='bbox 1258 4016 1417 4064; x_wconf 83' lang='lat' dir='ltr'><strong><em>futuri</em></strong></span> <span class='ocrx_word' id='word_1_308' title='bbox 1451 4013 1517 4062; x_wconf 92' lang='lat'><strong><em>11.</em></strong></span> <span class='ocrx_word' id='word_1_309' title='bbox 1554 4014 1888 4064; x_wconf 77' lang='lat' dir='ltr'><strong><em>indicativum</em></strong></span> <span class='ocrx_word' id='word_1_310' title='bbox 1923 4015 2193 4077; x_wconf 85' lang='lat' dir='ltr'><strong><em>pertinent.</em></strong></span> <span class='ocrx_word' id='word_1_311' title='bbox 2248 4014 2378 4065; x_wconf 80' lang='lat' dir='ltr'><strong><em>Sunt</em></strong></span> <span class='ocrx_word' id='word_1_312' title='bbox 2401 4014 2555 4065; x_wconf 84' lang='lat' dir='ltr'><strong><em>haec:</em></strong></span> <span class='ocrx_word' id='word_1_313' title='bbox 2592 4013 2758 4062; x_wconf 87' lang='lat' dir='ltr'><strong><em>Plaut.</em></strong></span> 
     </span>
     <span class='ocr_line' id='line_1_38' title="bbox 534 4101 2759 4167; baseline -0.001 -15"><span class='ocrx_word' id='word_1_314' title='bbox 534 4104 678 4152; x_wconf 82' lang='lat' dir='ltr'><strong><em>Asin.</em></strong></span> <span class='ocrx_word' id='word_1_315' title='bbox 718 4106 801 4166; x_wconf 82' lang='lat'><strong><em>94,</em></strong></span> <span class='ocrx_word' id='word_1_316' title='bbox 855 4105 1001 4153; x_wconf 81' lang='lat' dir='ltr'><strong><em>Asin.</em></strong></span> <span class='ocrx_word' id='word_1_317' title='bbox 1045 4104 1155 4163; x_wconf 84' lang='lat'>153,</span> <span class='ocrx_word' id='word_1_318' title='bbox 1209 4103 1330 4155; x_wconf 83' lang='lat' dir='ltr'><strong><em>Cist.</em></strong></span> <span class='ocrx_word' id='word_1_319' title='bbox 1367 4106 1415 4153; x_wconf 89' lang='lat'><strong><em>11</em></strong></span> <span class='ocrx_word' id='word_1_320' title='bbox 1457 4109 1498 4166; x_wconf 89' lang='lat'><strong><em>1,</em></strong></span> <span class='ocrx_word' id='word_1_321' title='bbox 1522 4106 1609 4167; x_wconf 82' lang='grc'><strong><em>52,</em></strong></span> <span class='ocrx_word' id='word_1_322' title='bbox 1664 4102 1807 4153; x_wconf 84' lang='lat' dir='ltr'><strong><em>Gurc.</em></strong></span> <span class='ocrx_word' id='word_1_323' title='bbox 1846 4105 1928 4152; x_wconf 87' lang='grc'><strong><em>85.</em></strong></span> <span class='ocrx_word' id='word_1_324' title='bbox 1970 4105 2087 4151; x_wconf 80' lang='grc'><strong>555.</strong></span> <span class='ocrx_word' id='word_1_325' title='bbox 2137 4102 2250 4153; x_wconf 81' lang='lat' dir='ltr'><strong><em>Mil.</em></strong></span> <span class='ocrx_word' id='word_1_326' title='bbox 2288 4104 2388 4151; x_wconf 73' lang='grc'><strong><em>604</em></strong></span> <span class='ocrx_word' id='word_1_327' title='bbox 2442 4103 2523 4160; x_wconf 77' lang='lat' dir='ltr'><strong><em>(cf.</em></strong></span> <span class='ocrx_word' id='word_1_328' title='bbox 2576 4101 2759 4150; x_wconf 79' lang='lat' dir='ltr'><strong><em>Miiiler</em></strong></span> 
     </span>
     <span class='ocr_line' id='line_1_39' title="bbox 531 4190 2764 4259; baseline -0.001 -14"><span class='ocrx_word' id='word_1_329' title='bbox 531 4195 753 4246; x_wconf 85' lang='lat' dir='ltr'><strong><em>Plautin.</em></strong></span> <span class='ocrx_word' id='word_1_330' title='bbox 791 4193 929 4244; x_wconf 72' lang='lat' dir='ltr'><strong><em>ProS.</em></strong></span> <span class='ocrx_word' id='word_1_331' title='bbox 963 4210 1011 4258; x_wconf 85' lang='lat' dir='ltr'><strong><em>p.</em></strong></span> <span class='ocrx_word' id='word_1_332' title='bbox 1053 4199 1153 4246; x_wconf 81' lang='grc'><strong><em>436</em></strong></span> <span class='ocrx_word' id='word_1_333' title='bbox 1192 4199 1336 4259; x_wconf 84' lang='lat' dir='ltr'><strong><em>not.)‚</em></strong></span> <span class='ocrx_word' id='word_1_334' title='bbox 1388 4195 1536 4245; x_wconf 77' lang='lat' dir='ltr'><strong><em>Mero.</em></strong></span> <span class='ocrx_word' id='word_1_335' title='bbox 1590 4194 1714 4257; x_wconf 77' lang='grc'><strong>662,</strong></span> <span class='ocrx_word' id='word_1_336' title='bbox 1769 4192 1918 4241; x_wconf 87' lang='lat' dir='ltr'><strong><em>Poen.</em></strong></span> <span class='ocrx_word' id='word_1_337' title='bbox 1961 4190 2038 4241; x_wconf 92' lang='lat' dir='ltr'><strong><em>ed.</em></strong></span> <span class='ocrx_word' id='word_1_338' title='bbox 2077 4190 2235 4254; x_wconf 83' lang='lat' dir='ltr'><strong><em>Gepp.</em></strong></span> <span class='ocrx_word' id='word_1_339' title='bbox 2274 4193 2390 4241; x_wconf 81' lang='grc'><strong>210.</strong></span> <span class='ocrx_word' id='word_1_340' title='bbox 2438 4192 2555 4241; x_wconf 75' lang='lat'><strong><em>292.</em></strong></span> <span class='ocrx_word' id='word_1_341' title='bbox 2612 4193 2764 4242; x_wconf 79' lang='lat'><strong><em>119⁷.</em></strong></span> 
     </span>
    </p>
   </div>
  </div>
 </body>
</html>
