3116 4790
1411 353 1496 420 15

447 595 456 605 ·
504 559 831 646 Exemplis
876 558 1167 625 omnibus
1213 560 1498 623 excussis
1543 578 1925 644 cognoscere
1970 554 2138 636 licet,
2179 577 2374 642 quam
2413 557 2569 621 artis

328 661 565 726 finibus
621 661 1019 726 sibilantium
1079 659 1430 723 formarum
1490 681 1644 723 usus
1709 657 2074 743 potentialis
2141 658 2567 737 contineatur,

329 764 625 849 quamvis
684 761 954 827 idoneae
997 782 1116 825 sua
1176 770 1410 823 natura
1456 760 1583 823 sint
1627 758 1711 823 ad
1755 759 1820 824 id
1878 781 2109 824 munus
2156 756 2568 844 explendum.

329 861 469 925 Iam
518 862 874 944 videamus,
917 883 1083 948 quae
1127 861 1204 926 de
1247 859 1643 946 plenioribus
1686 859 1905 925 formis
1948 862 2077 925 sint
2118 858 2483 924 statuenda.

1030 1128 1341 1263 Caput
1400 1127 1855 1239 alterum.

470 1310 561 1391 lle
616 1310 836 1391 activi
894 1311 1182 1409 generis
1237 1312 1533 1411 porrecti
1593 1312 2041 1393 coniunctium
2096 1307 2349 1389 littera.
2393 1328 2430 1387 ι·

627 1432 790 1513 licto
845 1437 913 1513 et
965 1435 1049 1513 de
1105 1434 1386 1532 passivi
1442 1435 1735 1533 perfecti
1791 1432 2260 1560 coniunctim.

999 1582 1081 1637 A.
1136 1581 1236 1635 De
1276 1580 1591 1650 perfeeto
1637 1580 1891 1647 logico.

495 1668 773 1733 Perfecti
826 1668 1016 1756 logici
1062 1673 1288 1736 modus
1333 1670 1698 1757 potentialis
1741 1693 1887 1735 cum
1941 1668 2292 1756 posteriore
2349 1673 2564 1729 aetate

323 1770 517 1834 etiam
556 1772 622 1832 in
681 1771 1101 1836 absolutis
1159 1774 1528 1854 enuntiatis,
1587 1773 1882 1858 quamvis
1942 1792 2114 1852 raro,
2172 1776 2472 1833 occurrat
2495 1766 2565 1847 1),

322 1872 497 1956 apud
560 1872 803 1957 priscos
846 1896 1195 1959 numquam
1239 1876 1369 1938 fere
1389 1874 1444 1960 ²)
1487 1876 1608 1939 nisi
1649 1876 1713 1937 in
1759 1870 2270 1939 condicionali
2314 1878 2564 1932 strue·-

319 1984 458 2040 tur
484 1996 523 2037 a
566 1975 902 2091 reperitur.
992 1977 1088 2040 Ac
1133 1999 1209 2039 ne
1251 1977 1342 2040 ibi
1384 1977 1640 2062 quidem
1686 1987 1779 2040 est
1812 1977 1968 2039 satis
2014 1974 2306 2037 usitatus,
2393 1971 2560 2034 Nam

317 2077 700 2162 primarii
753 2077 1010 2163 quidem
1070 2081 1386 2144 enuntiati
1447 2078 1742 2163 exempla
1798 2077 2048 2142 omnino
2109 2096 2235 2138 non
2286 2071 2562 2157 repperi,

318 2178 441 2240 nisi
500 2177 669 2263 quod
732 2177 922 2241 semel
976 2179 1213 2263 legitur
1274 2180 1631 2263 perfectum
1699 2204 1741 2264 p
1756 2202 1789 2242 r
1806 2200 1845 2242 a
1865 2201 1898 2242 e
1920 2201 1949 2242 s
1972 2201 2063 2242 en
2078 2187 2104 2240 t
2119 2178 2140 2239 i
2156 2199 2244 2240 ae
2308 2175 2562 2239 noveris
2649 2181 2664 2193 ⁶

321 2287 385 2341 et
431 2278 812 2364 aliquotiens
865 2281 1311 2346 coniunctivus
1370 2281 1670 2366 loquendi
1712 2280 2133 2345 formularum
2187 2299 2351 2363 quae
2410 2284 2560 2341 sunt

310 2379 489 2463 perii
532 2388 595 2443 et
639 2384 844 2445 actum
891 2386 996 2446 est.
1081 2382 1266 2461 Quae
1311 2382 1592 2469 perfecta
1638 2405 1839 2468 aeque
1884 2391 2081 2469 atque
2117 2380 2336 2447 interii
2380 2378 2554 2466 apud

319 2482 591 2545 comicos
630 2482 822 2565 plane
865 2485 1341 2567 praesentis
1386 2493 1689 2547 naturam
1720 2484 1999 2548 induisse
2025 2491 2290 2550 constat.
2358 2482 2558 2547 Usur-

313 2591 554 2668 pantur
603 2585 767 2647 enim
815 2583 1295 2649 exclamationis
1339 2586 1442 2652 vel
1485 2587 1944 2651 interiectionis
1988 2587 2191 2649 instar
2236 2581 2318 2647 ad
2363 2583 2553 2666 signi·

317 2683 643 2749 ficandum
690 2685 850 2748 nihil
893 2687 1023 2749 iam
1058 2689 1283 2751 salutis
1321 2710 1455 2752 esse
1500 2689 1814 2772 reliquum
1834 2687 1889 2771 ³)
1935 2693 2040 2769 (=
2079 2707 2143 2751 es
2175 2687 2259 2751 ist
2295 2704 2415 2750 aus
2447 2683 2558 2747 mit

312 2787 458 2868 mir,
492 2787 595 2851 bin
628 2789 935 2870 verloren,
969 2790 1183 2855 nullus
1211 2809 1383 2870 sum;
1427 2794 1712 2871 actumst,
1749 2792 1933 2871 ilicet,
1959 2789 2190 2874 peristi
2213 2788 2358 2852 Ter.
2385 2788 2548 2854 Eun.

314 2888 470 2968 54.).
557 2889 795 2953 Forma
842 2910 1038 2974 pereo
1098 2891 1217 2955 hoc
1278 2914 1464 2955 sensu
1510 2913 1634 2955 non
1678 2893 1880 2955 estin
1923 2912 2045 2954 usu
2105 2898 2371 2974 excepto
2427 2910 2552 2952 uno

308 2988 446 3054 loco
512 2990 931 3056 Terentiano:
1010 2992 1216 3058 Andr.
1285 2994 1408 3057 244
1424 2993 1493 3075 4).
1607 2993 1847 3057 Contra
1916 2993 1980 3054 in
2056 2990 2551 3055 secundario

312 3092 641 3157 enuntiato
680 3093 877 3177 paulo
913 3093 1349 3179 frequentiora
1389 3104 1539 3158 sunt
1575 3093 1889 3179 exempla,
1934 3093 2243 3177 imprimis
2280 3090 2549 3176 perfecti

307 3194 727 3276 praesentiae.

488 3348 526 3406 1)
564 3350 706 3398 Cous.
744 3354 910 3398 tamen
950 3350 1043 3396 Iul.
1072 3350 1350 3408 Lattmann,
1388 3351 1488 3397 Die
1518 3350 1788 3399 deutschen
1815 3350 2279 3400 Modalitc'z‘tsverba
2305 3352 2361 3398 in
2389 3351 2549 3399 {larem

317 3436 631 3485 Verhc‘iltniss
666 3451 785 3484 zum
821 3437 1182 3485 Lateinischen
1221 3436 1496 3495 (Glausthel
1538 3440 1689 3496 1879)
1727 3452 1779 3499 p.
1818 3440 1898 3484 ⁸24.
1952 3452 2023 3499 sq.

482 3523 524 3582 2)
569 3524 733 3573 Semel
758 3524 1037 3586 particulae
1067 3539 1216 3587 quom
1242 3526 1511 3587 temporali
1538 3525 1802 3575 adiunctus
1832 3540 1940 3574 esse
1979 3526 2207 3576 videtur:
2249 3539 2546 3590 quamquam

310 3613 465 3661 etism
517 3612 598 3660 hic
650 3613 750 3660 alia
802 3613 1074 3673 explicatio
1129 3619 1383 3674 praestat:
1446 3630 1491 3664 v.
1524 3616 1679 3662 infra
1716 3628 1765 3676 p.
1811 3618 1888 3663 18.
1952 3613 2026 3661 De
2066 3615 2546 3675 interrogationibus

301 3697 581 3759 pethetlcis
617 3699 774 3756 (velut
810 3700 903 3748 ubi
939 3714 1025 3758 eqo
1065 3691 1358 3749 audiverim
1376 3705 1420 3757 ?)
1472 3717 1515 3748 v.
1558 3702 1690 3749 infra
1724 3716 1773 3762 p.
1817 3705 1898 3751 17.

480 3783 523 3842 Β)
560 3784 722 3847 Confi,
772 3787 818 3834 si
857 3798 983 3848 opus
1021 3792 1116 3848 ost,
1155 3786 1386 3847 Draeger‚
1440 3789 1477 3837 1.
1517 3802 1551 3849 p
1606 3789 1707 3836 259
1747 3791 1787 3846 §.
1831 3790 1945 3849 129,
1993 3790 2280 3838 Bentleium
2314 3789 2392 3838 ad.
2431 3791 2545 3840 Ter.

302 3869 461 3920 Andr.
498 3872 523 3917 1
560 3873 671 3931 3‚7,
711 3872 908 3919 Phorm.
950 3872 993 3917 V
1034 3877 1080 3934 9,
1099 3875 1180 3935 20,
1220 3873 1312 3921 Ad.
1352 3873 1395 3918 V
1432 3876 1478 3935 3,
1510 3880 1558 3931 5,
1599 3875 1763 3923 Hand.
1800 3876 2071 3924 Tursellin.
2114 3878 2205 3928 111.
2244 3891 2295 3938 p.
2324 3879 2428 3926 200
2451 3891 2539 3939 sq.,

301 3957 557 4018 Forbiger.
590 3959 653 4006 ad
693 3962 816 4008 Aen.
859 3962 923 4024 11,
966 3964 1087 4011 421.

472 4044 515 4102 4)
552 4045 683 4094 Vide
721 4047 1058 4108 Rothheimer,
1102 4050 1174 4098 De
1215 4051 1488 4098 enuntiatis
1527 4050 1955 4100 conditionalibus
1999 4050 2249 4097 Plautinis
2289 4050 2532 4110 (Gotting.

298 4134 452 4191 1876)
489 4147 535 4198 p.
582 4136 642 4181 16
681 4147 792 4200 sqq.
