3116 4790
1400 346 1477 410 61

331 575 390 636 p.
436 551 508 614 21
565 547 1043 626 animadvertit,
1109 546 1278 610 dixit
1324 546 1499 610 Asin.
1546 545 1674 610 452
1725 544 1847 611 Sed
1889 547 1948 610 si
1989 544 2232 625 domist,
2293 543 2563 611 Demae-

331 655 539 716 netum
593 650 949 715 volebam
995 649 1105 732 (=
1130 649 1326 730 volo);
1401 647 1570 712 adde
1613 671 1673 712 v.
1720 646 1844 711 392
1893 644 2062 724 Quid
2103 644 2535 729 quaeritasffl}

333 752 789 818 Demaenetum
828 751 1205 815 volebam.
1252 750 1350 814 Ac
1394 748 1744 828 Luebbert,
1789 749 1890 812 vir
1937 748 2186 831 priseae
2220 747 2557 811 latinitatis

329 857 395 918 in
452 854 672 940 primis
729 874 996 937 gnaruS,
1059 852 1124 915 in
1181 852 1368 918 ‘stud.
1426 848 1718 934 gramm.'
1767 847 1854 916 ΙΙ.
1900 870 1960 932 p.
2011 848 2152 928 168,
2218 855 2555 932 postquam

331 952 942 1040 plusquamperfeeti
1007 952 1182 1036 apud
1250 962 1495 1016 veteres
1556 972 1743 1014 usum
1802 950 2129 1031 tractavit,
2197 949 2279 1013 de
2343 958 2560 1014 nostro

331 1057 637 1122 idiomate
681 1054 960 1119 addidit:
1007 1052 1131 1117 Bei
1167 1052 1497 1118 volueram
1538 1055 1623 1115 ist
1664 1050 1853 1114 sehon
1895 1048 2064 1114 nicht
2100 1048 2274 1113 mehr
2303 1068 2389 1113 an
2434 1049 2568 1112 eine

330 1159 471 1224 rein
501 1161 888 1222 momentane
923 1155 1270 1241 Handlurzy
1303 1175 1385 1219 eu
1421 1153 1677 1232 denhem,
1711 1148 1985 1214 sondern
2023 1170 2106 1213 an
2141 1150 2240 1212 ein
2271 1147 2562 1211 zustdnd·

333 1258 524 1323 liehes
582 1257 934 1322 Verhalten.

500 1378 641 1442 Iam
700 1375 998 1461 exempla
1042 1396 1082 1437 a
1126 1373 1349 1438 Brixio
1411 1371 1494 1435 ad
1540 1371 1713 1434 hune
1756 1369 1943 1455 Oapt.
1988 1369 2198 1435 loeum
2244 1370 2470 1435 adlata
2513 1371 2567 1433 si

334 1488 717 1562 spectamuS‚
759 1477 887 1541 duo
918 1497 1137 1541 eorum
1175 1473 1526 1557 (iusserim,
1570 1470 1873 1550 dederim)
1906 1473 2231 1556 pertinent
2266 1472 2362 1537 ad
2399 1493 2570 1536 eon·

333 1580 375 1644 d
394 1581 502 1644 ici
523 1577 762 1644 onale
788 1598 1063 1662 genus.
1112 1575 1339 1639 Restat
1362 1574 1564 1657 igitur
1593 1572 1843 1658 prologi
1871 1596 1937 1638 v.
1962 1576 2039 1638 51
2071 1573 2180 1655 (56
2207 1573 2353 1654 Fi),
2381 1594 2570 1657 quem

332 1700 532 1764 supra
549 1700 589 1742 a
604 1678 834 1742 Plauto
857 1676 1379 1742 abiudicavimus
1396 1675 1445 1756 ¹)
1466 1685 1530 1739 et
1554 1675 1639 1737 ad
1663 1674 2026 1759 exemplum
2050 1697 2276 1739 versus
2295 1674 2437 1739 306.
2462 1673 2570 1739 fie-

336 1789 475 1842 tum
518 1800 652 1842 esse
711 1779 1073 1842 statuimus,
1122 1815 1191 1824 —
1235 1778 1322 1842 At
1363 1800 1478 1846 eur
1525 1776 1783 1841 tandem
1824 1777 1901 1857 is,
1967 1776 2079 1863 qui
2120 1797 2265 1840 eum
2306 1796 2569 1842 versum

334 1880 621 1943 imitatus
669 1887 789 1960 est,
829 1900 953 1943 non
999 1878 1261 1941 retinuit
1298 1876 2043 1963 plusquamperfectum?
2098 1877 2175 1941 Id
2224 1887 2400 1941 eerte
2442 1898 2570 1941 non

334 1982 426 2045 ita
470 1979 729 2046 difficile
774 1990 870 2044 est
914 1980 997 2044 ad
1043 1979 1517 2064 explicandum.
1597 1981 1898 2065 Namque
1942 1979 2241 2045 inferiore
2286 1988 2572 2064 tempore

337 2080 659 2146 obsoletus
725 2080 834 2144 ille
901 2080 1513 2166 plusquamperfeeti
1577 2104 1731 2146 usus
1798 2082 2204 2147 offensionem
2269 2078 2572 2145 facillime

336 2181 648 2264 praebere
706 2184 939 2267 potuit,
1002 2183 1096 2244 ita
1150 2190 1222 2245 ut
1276 2179 1525 2266 prologi
1585 2179 1991 2247 versificator
2047 2182 2306 2247 modum
2355 2190 2575 2267 poten-

340 2283 557 2348 tialem
599 2283 690 2346 illi
732 2284 936 2347 aetati
967 2283 1171 2367 magis
1208 2283 1690 2349 convenientem
1727 2283 2160 2352 substitueret.
2234 2283 2482 2348 Verum
2518 2283 2572 2346 si

343 2385 484 2470 quis
522 2383 693 2449 illius
730 2383 853 2452 loei
891 2385 1287 2469 (Plautinam
1325 2384 1602 2451 indolem
1636 2408 1868 2472 parum
1903 2385 2273 2464 redolentis)
2297 2383 2345 2464 2)
2373 2384 2573 2470 ipsius

344 2497 572 2572 poetae
617 2509 752 2552 esse
790 2489 1137 2570 existimat,
1180 2498 1317 2552 tum
1361 2488 1644 2572 profecto
1687 2510 1816 2553 non
1858 2497 1988 2550 tam
2034 2486 2441 2553 soloecismus
2482 2485 2574 2551 ibi

343 2588 575 2655 obvius
628 2589 713 2653 ad
768 2598 1055 2653 nostrum
1116 2588 1327 2653 locum
1373 2598 1468 2652 est
1510 2589 2009 2670 transferendus,
2075 2609 2269 2673 quam
2313 2588 2574 2652 unicum

340 2688 502 2754 illud
535 2674 900 2777 exemplum
930 2712 1076 2755 eum
1114 2699 1245 2755 toto
1286 2688 1533 2775 reliquo
1575 2712 1697 2754 usu
1733 2710 2031 2775 pugnans
2074 2688 2574 2773 expungendum

347 2802 410 2855 et
456 2792 540 2856 ad
586 2793 788 2856 nostri
827 2791 951 2857 loei
993 2791 1467 2855 similitudinem
1511 2790 1980 2855 emendandum
2026 2791 2166 2854 erit.

508 2891 781 2957 Restant
823 2894 952 2956 tria
996 2891 1292 2977 exempla
1335 2890 1743 2956 Terentiana.

487 2994 551 3060 6.
596 2994 762 3063 Eun.
804 2994 925 3059 307
989 2993 1198 3076 Nunc,
1265 2992 1605 3074 Parmeno,
1668 2997 1724 3057 te
1767 2989 2257 3071 ostenderis,
2320 2988 2431 3073 qui
2471 2991 2576 3052 vir

593 3116 739 3164 stes.

509 3195 851 3262 ostenderis
914 3197 1073 3262 coni.
1132 3195 1407 3281 Bentley
1457 3196 1730 3259 addens:
1792 3192 2039 3278 poteris
2084 3193 2270 3256 etiam
2314 3190 2577 3255 ostende

344 3300 461 3382 sis3
522 3300 632 3364 sed
672 3298 833 3364 illud
875 3300 1120 3380 meliuS,
1165 3298 1537 3379 ostenderis,
1579 3296 1760 3360 modo
1794 3294 2128 3379 potentiali
2168 3292 2227 3363 h.
2274 3313 2322 3360 e.
2359 3295 2577 3378 possis

351 3401 688 3469 ostendere.
812 3395 2185 3466 NUNOPEPARMENOTEOSTENDES
2265 3396 2402 3461 eod.
2489 3395 2575 3477 A;

343 3505 546 3568 etiam
590 3502 725 3568 rell.
771 3502 985 3568 eodd,:
1050 3501 1328 3567 ostendes
1346 3501 1418 3582 ³),
1473 3500 1587 3565 sed
1640 3505 1697 3565 te
1752 3498 1942 3563 semel
1999 3497 2301 3563 exhibent
2342 3495 2577 3559 disere-

521 3791 560 3851 1)
594 3793 725 3843 vada
759 3807 807 3855 p.
846 3796 929 3842 46.

525 3877 567 3938 2)
604 3879 736 3929 Vide
771 3895 819 3942 p.
858 3884 941 3931 47.

525 3964 572 4027 Β)
610 3965 840 4015 Fortasse
880 3969 1101 4016 futurum
1142 3968 1180 4016 Ι.
1217 3968 1446 4017 ostendes
1497 3969 1618 4017 olim
1668 3970 1809 4030 qnasi
1864 3970 2297 4031 interpretamenti
2342 3967 2448 4016 loco
2488 3967 2576 4015 ad-

351 4057 597 4117 scriptum
637 4056 751 4104 fuit.

1642 4272 1684 4288 od
