3116 4790
1434 379 1517 446 29

369 582 508 646 dita
546 591 641 646 est
685 602 725 644 a
759 581 1052 646 Varrone
1087 578 1164 645 de
1206 581 1245 650 l.
1289 581 1333 646 l.
1378 582 1493 663 VI,
1535 583 1575 646 6
1619 606 1681 669 p.
1728 583 1806 647 74
1848 584 1968 666 M.;
2014 585 2323 649 exusserit
2364 595 2577 649 autem

366 683 713 748 Ribbeckii
758 686 1161 748 coniecturae
1202 682 1489 748 debetur.
1581 685 1875 750 Ceterum
1921 695 2156 768 exstat,
2200 687 2369 774 quod
2412 687 2582 772 fugit

367 785 818 867 Ribbeckium,
878 785 1234 851 simillimus
1279 785 1455 851 locus
1499 787 1674 873 apud
1719 786 2086 853 Ciceronem
2131 789 2191 858 d.
2235 798 2363 855 nat.
2407 790 2583 856 deor.

366 895 425 972 l,
482 890 583 971 10,
626 889 708 951 24
764 889 939 973 atqui
988 893 1197 955 terrae
1235 888 1554 955 maximas
1609 892 1889 975 reqiones
1928 891 2360 959 inhabitabiles
2402 898 2584 978 atque

361 992 635 1057 incultas
704 991 1009 1073 videmia-5,
1075 991 1240 1076 quod
1271 1012 1437 1077 pars
1481 1011 1704 1058 earum
1746 995 2023 1079 appulsu
2063 995 2216 1059 solis
2260 1013 2584 1059 exarse-

362 1094 509 1175 rit,
560 1113 727 1177 pars
785 1094 1238 1179 obriyuerit
1281 1094 1427 1158 nive
1470 1096 1839 1179 pruinaque
1880 1097 2212 1182 lonqinquo
2253 1098 2405 1162 solis
2447 1096 2581 1162 abs-

362 1212 560 1260 cessu.
637 1195 760 1261 Sed
820 1197 1129 1283 numquid
1188 1198 1535 1260 communis
1596 1197 1836 1262 vinculi
1894 1199 2141 1263 intersit
2201 1199 2365 1264 inter
2424 1198 2582 1263 duos

360 1297 550 1379 locos,
593 1319 764 1362 nunc
806 1297 1160 1362 diiudicare
1201 1319 1328 1362 non
1372 1298 1598 1364 ausim.

527 1418 773 1481 Formis
811 1427 1028 1482 autem
1066 1418 1375 1482 excusserit
1404 1426 1467 1481 et
1497 1418 1880 1502 obriyuerint
1906 1438 2021 1502 pro
2050 1417 2343 1502 genuinis
2373 1441 2583 1505 sump-

363 1519 444 1584 tis
485 1518 683 1584 habes
743 1521 845 1585 hic
909 1520 1174 1585 eandem
1232 1520 1491 1585 futurae
1548 1521 1642 1583 rei
1698 1520 1824 1584 cito
1870 1528 2167 1606 certoque
2211 1519 2293 1583 ad
2338 1521 2582 1603 exitum

365 1621 730 1706 perductae,
794 1643 923 1708 qua
978 1643 1163 1707 quem
1222 1623 1424 1708 primo
1481 1621 1616 1687 loco
1670 1622 1994 1708 posuimus
2036 1644 2259 1687 versus
2302 1631 2397 1687 est
2437 1607 2581 1687 con—

372 1723 617 1808 spicuus
640 1722 711 1808 ¹).

526 1841 780 1921 Quibus
816 1840 971 1908 locis
1013 1864 1129 1907 cur
1171 1842 1411 1907 formae
1451 1863 1484 1907 s
1526 1785 1744 1907 littera
1793 1841 1983 1909 fictae
2032 1844 2222 1930 poni
2262 1865 2410 1908 non
2452 1845 2579 1910 de-

361 1942 727 2028 buerint,
798 1943 967 2008 infra
1023 1944 1407 2012 videbimus.
1492 1946 1905 2011 Pacuvianus
1960 1955 2175 2011 autem
2229 1944 2337 2011 ille
2382 1946 2578 2028 locus,

355 2045 471 2111 ubi
513 2046 719 2111 altera
772 2045 978 2111 forma
1037 2043 1482 2130 (obriquerint)
1539 2046 1903 2113 breviorem
1959 2047 2229 2112 formam
2284 2069 2410 2112 non
2470 2048 2578 2112 ad-

354 2148 571 2230 mittit,
629 2171 741 2214 nos
786 2147 968 2214 ducit
1012 2147 1096 2212 ad
1145 2146 1272 2212 duo
1317 2146 1571 2234 reliqua
1615 2149 1908 2234 exempla
1951 2149 2383 2236 proponenda,
2428 2171 2578 2236 quo-

353 2272 498 2314 rum
545 2249 744 2316 verba
784 2249 1092 2315 breviatis
1137 2248 1363 2314 formis
1406 2261 1648 2318 carent.

406 2367 520 2434 VI.
561 2368 773 2434 Plaut.
802 2367 990 2455 Epid.
1035 2369 1157 2434 258
1194 2366 1268 2435 Si
1311 2387 1572 2453 aequom
1614 2369 1750 2452 siet,
1792 2365 1903 2433 Me
1934 2369 2089 2453 plus
2122 2387 2349 2453 sapere
2382 2388 2570 2454 quam

561 2490 694 2551 voe,
739 2469 1095 2535 dederim
1138 2470 1312 2537 vobis
1355 2470 1686 2535 eonsilium
1731 2473 1954 2536 catum.

521 2588 834 2676 Epidicus
876 2611 1100 2656 servus
1145 2591 1356 2657 statim
1399 2599 1765 2676 promptum
1798 2599 1861 2653 et
1895 2596 2195 2674 paratum
2228 2587 2361 2651 fore
2397 2586 2569 2651 calli-

355 2691 506 2756 dum
553 2690 883 2757 consilium
926 2715 1042 2779 per
1082 2692 1636 2758 indicativum
1679 2691 1934 2755 modum
1975 2690 2178 2755 futuri
2217 2687 2304 2753 II.
2350 2687 2574 2753 confir-

355 2813 532 2857 mare
596 2815 749 2858 sane
814 2794 1152 2879 cupiebat3
1233 2793 1342 2857 sed
1412 2803 1677 2880 propter
1741 2792 2107 2857 simulatam
2171 2812 2328 2875 erga
2393 2813 2570 2855 erum

357 2893 618 2980 eiusque
655 2896 927 2959 amicum
957 2896 1378 2961 reverentiam
1415 2895 1790 2960 modestiore
1825 2893 2354 2960 coniunctivo
2386 2892 2569 2956 modo

352 2994 772 3080 petulantiam
827 3018 1002 3063 suam
1065 2997 1251 3082 quasi
1306 2997 1711 3082 compescuit.
1796 2997 2094 3062 Ceterum
2145 2984 2435 3059 futurum
2479 2994 2567 3061 ΙΙ.

353 3096 580 3187 dedero
622 3108 715 3163 est
761 3120 843 3162 ex
887 3100 975 3162 eis
1022 3098 1259 3181 formis,
1324 3120 1481 3184 quae
1526 3110 1783 3185 praeter
1829 3099 1988 3162 alias
2029 3096 2341 3183 probatae
2384 3105 2566 3159 erant

353 3201 641 3282 comicis3
685 3200 847 3267 conf.
886 3197 1224 3264 formulam
1256 3199 1348 3264 sic
1383 3198 1646 3265 dedero:
1689 3201 1864 3267 Asin.
1891 3198 2035 3280 439,
2076 3200 2265 3264 Poen.
2290 3200 2372 3279 V,
2416 3200 2476 3279 ὃ,
2502 3199 2566 3281 73

351 3302 523 3371 Pers.
568 3293 690 3368 292
735 3306 971 3386 (specta
1012 3301 1166 3386 quid
1208 3300 1433 3367 dedero
1451 3301 1555 3384 ²))‚
1599 3303 1785 3370 Most.
1833 3303 1996 3367 1152
2039 3302 2316 3387 (dederis
2334 3300 2440 3382 3)).

367 3404 515 3470 VII.
558 3404 705 3471 Ter.
730 3405 890 3471 Hec.
923 3405 1051 3469 424
1084 3404 1349 3489 denique
1381 3406 1586 3471 hercle
1621 3406 1868 3491 aufuy
1884 3405 2077 3471 erim
2116 3404 2340 3470 Potius
2373 3422 2562 3488 quam

559 3506 834 3591 redeam,
874 3509 933 3571 si
974 3506 1132 3571 mihi
1171 3507 1555 3572 redeundum
1597 3508 1810 3577 seiam.

525 3769 564 3829 ¹)
602 3771 698 3820 His
749 3772 879 3820 locis
932 3786 1039 3821 meo
1077 3771 1277 3835 quidem
1315 3771 1510 3821 iudicio
1548 3771 1737 3821 accedit
1776 3772 1936 3821 Plaut,
1980 3772 2122 3820 Tmo.
2162 3786 2206 3819 v.
2247 3772 2361 3828 349,
2415 3783 2561 3832 quem

349 3861 516 3908 locum
550 3859 872 3908 tractabimus
912 3861 1040 3908 infra
1078 3862 1121 3918 ἓ.
1160 3864 1208 3908 5.

519 3963 567 4024 2)
608 3964 721 4014 Fut.
770 3968 807 4013 1.
860 3969 911 4015 in
968 3965 1231 4013 simillima
1283 3964 1535 4012 sententia
1579 3965 1763 4022 legitur
1801 3965 1959 4013 Plaut.
1998 3964 2127 4012 Men.
2179 3965 2279 4014 472
2331 3966 2559 4019 (observa

350 4052 474 4115 quid
511 4052 678 4114 dabo).

522 4157 566 4217 8)
603 4157 742 4206 Conf.
786 4158 1044 4206 Lorenz
1081 4172 1122 4203 a.
1162 4157 1212 4205 h.
1244 4158 1276 4204 l.
