3116 4790
1662 366 1747 432 66

522 554 523 559 ἵ
598 580 766 637 tare:
831 592 982 638 nam
1038 592 1151 658 per
1210 570 1418 636 iocum
1463 568 1756 634 Callicles
1809 590 1940 633 rem
1986 578 2311 656 tamquam
2353 592 2423 635 re
2465 591 2622 635 vera
2664 569 2800 634 effi-

596 672 883 740 ciendam
938 673 1171 758 accipit
1213 675 1318 754 (=
1365 672 1520 737 lassi
1562 690 1685 735 uns
1726 690 1851 735 nur
1894 671 2232 738 tauschen!
2302 672 2417 739 Ich
2456 676 2653 754 wette,
2720 672 2810 736 du

595 774 775 841 wirst
814 774 978 839 mich
1019 775 1189 840 nicht
1227 773 1546 856 ansit‘hren
1563 772 1629 853 Ι).
1697 773 1877 837 Nihil
1906 774 2106 857 igitur
2141 774 2425 861 impedit,
2466 775 2805 859 quominus

594 878 788 941 etiam
831 877 930 942 loc
970 877 1107 943 loco
1130 876 1353 947 ,futuri
1393 874 1478 941 ΙΙ.
1521 873 1942 942 indicativum
1985 896 2427 961 agnoscamus,

763 1282 1059 1348 Vidimus
1101 1283 1322 1368 igitur,
1384 1286 1919 1369 quemadmodum
1964 1285 2139 1373 apud
2182 1284 2425 1371 priscos
2467 1284 2807 1368 scriptores

594 1385 943 1471 primordia
974 1407 1051 1450 ac
1079 1385 1263 1472 quasi
1295 1385 1689 1452 incunabula
1726 1398 2084 1473 appareant
2117 1387 2251 1451 eius
2288 1385 2553 1472 perfecti
2589 1394 2815 1470 poten·

486 1548 493 1554 .
595 1484 764 1551 tialis
795 1508 971 1567 usus,
1007 1487 1118 1572 qui
1146 1487 1606 1572 posterioribus
1637 1489 2028 1576 temporibus
2060 1490 2249 1554 tritus
2280 1509 2357 1553 ac
2386 1488 2809 1573 pervulgatus

592 1588 733 1657 fuit.
800 1589 1016 1673 Atque
1049 1598 1122 1653 ut
1155 1589 1403 1654 omnino
1444 1581 1651 1654 futuri
1688 1591 1985 1676 temporis
2021 1612 2174 1655 usus
2205 1588 2509 1653 latissime
2543 1589 2809 1673 patebat

593 1688 704 1753 illa
741 1698 975 1773 aetate,
1012 1691 1103 1755 sic
1135 1690 1326 1754 etiam
1356 1691 1622 1775 perfecti
1647 1693 1711 1756 in
1748 1692 1931 1757 -erim
1959 1692 2185 1756 modus
2218 1689 2580 1776 potentialis
2606 1711 2809 1775 prope

593 1792 677 1857 ad
712 1793 918 1858 futuri
954 1794 1169 1859 exacti
1203 1795 1520 1858 notionem
1554 1793 1925 1877 accedebat,
1965 1794 2351 1880 praesertim
2377 1814 2523 1857 cum
2558 1791 2811 1857 brevio·

591 1916 692 1958 res
734 1894 975 1960 formae
1021 1895 1105 1960 ad
1149 1898 1477 1983 proprium
1519 1899 1780 1963 ‘aoristi’
1826 1898 2123 1984 temporis
2162 1894 2569 1982 potentialem
2613 1895 2812 1979 signi-

589 1996 911 2063 ficandum
949 2009 1204 2084 praesto
1245 2011 1467 2066 essent.
1546 1999 1736 2081 Quae
1772 2009 1985 2064 tamen
2015 2021 2139 2085 quo
2174 1999 2382 2082 magis
2411 2006 2555 2083 post
2589 1996 2811 2061 Plauti

591 2109 867 2164 aetatem
912 2099 1412 2183 obsolescebant‚
1473 2123 1544 2166 eo
1590 2101 1858 2167 celerius
1902 2099 2147 2166 alterae
2188 2100 2428 2165 formae
2472 2099 2537 2162 in
2582 2120 2808 2162 earum

588 2200 797 2266 locum
827 2201 1275 2268 succedebant.
1334 2202 1478 2268 Hoc
1510 2203 1712 2287 igitur
1746 2202 1929 2267 modo
1967 2204 2157 2266 etiam
2196 2200 2645 2287 potentialis
2679 2200 2806 2264 for·

588 2324 836 2367 marum
894 2304 962 2367 in
1024 2302 1167 2368 -sim
1224 2325 1378 2369 usus
1436 2303 1750 2389 paulatim
1805 2303 2152 2367 translatus
2197 2312 2290 2367 est
2332 2302 2415 2367 ad
2457 2303 2691 2367 formas
2734 2302 2798 2365 in

587 2406 773 2470 -erim
817 2416 1138 2471 exeuntes.
1210 2406 1401 2486 Quod
1447 2428 1519 2472 eo
1565 2405 1816 2472 facilius
1853 2405 1995 2470 fieri
2034 2416 2307 2491 poterat,
2346 2428 2471 2491 quo
2508 2405 2800 2492 frequen·

589 2508 714 2574 tius
778 2508 908 2572 iam
970 2508 1165 2594 prisci
1226 2509 1306 2571 in
1370 2508 1736 2574 vetando
1802 2529 1909 2571 eas
1973 2516 2464 2593 usurpaverant.
2548 2505 2801 2571 Causae

585 2618 821 2690 autem,
865 2632 982 2674 cur
1018 2610 1368 2695 pleniorum
1406 2610 1760 2691 formarum
1797 2610 1942 2673 usui
1977 2609 2309 2694 potentiali
2342 2609 2529 2695 quasi
2569 2610 2799 2673 civitas

584 2710 849 2776 daretur
893 2732 934 2775 a
976 2712 1301 2793 Romanis,
1364 2711 1555 2775 altius
1609 2710 1995 2797 repetendae
2037 2711 2358 2777 videntur.
2444 2713 2797 2797 Progressu

584 2815 750 2879 enim
794 2814 1093 2900 temporis
1136 2814 1380 2878 rustica
1426 2821 1489 2877 et
1530 2813 1952 2899 incomposita
1981 2811 2199 2876 Latini
2227 2814 2531 2877 sermonis
2562 2822 2799 2877 natura

582 2924 761 2979 tanto
818 2915 1023 3001 magis
1072 2914 1515 3000 mitigabatur,
1586 2923 1826 3000 quanto
1885 2913 2267 2979 humaniora
2322 2912 2563 2978 fiebant
2619 2913 2797 2978 vitae

580 3017 876 3081 instituta
928 3038 1258 3103 moresque
1316 3016 1757 3101 elegantiores,
1859 3015 2245 3097 Accedebat,
2308 3016 2477 3102 quod
2536 3024 2794 3100 praeter

581 3116 899 3203 plebeium
958 3118 1264 3205 loquendi
1327 3141 1528 3204 genus
1593 3118 1954 3184 cotidianae
2011 3119 2186 3183 vitae
2248 3116 2798 3183 accommodatum

580 3219 889 3304 paulatim
940 3243 1200 3286 sermo
1256 3244 1299 3286 u
1318 3244 1352 3285 r
1375 3221 1414 3287 b
1433 3243 1634 3286 anus
1679 3218 2128 3285 excolebatur:
2193 3221 2372 3306 isque
2411 3220 2688 3283 maxime
2729 3219 2797 3281 in

578 3321 885 3387 nobilium
913 3322 1324 3405 familiarum,
1354 3322 1535 3391 velut
1554 3322 1947 3408 Scipionum,
1975 3321 2231 3388 circulis
2260 3321 2542 3406 vigebat.
2583 3322 2794 3403 Quem

577 3424 933 3511 politiorem
975 3447 1325 3491 sermonem
1368 3427 1435 3489 in
1472 3424 1721 3489 litteras
1756 3424 2000 3509 primus
2035 3425 2295 3489 induxit
2321 3423 2727 3489 Terentius
2746 3423 2795 3508 ²)

576 3527 1038 3596 adiuvantibus
1080 3526 1483 3593 nobilissimis
1527 3527 1623 3591 rei
1663 3525 1964 3614 publicae
2006 3526 2256 3593 civibus
2275 3525 2343 3605 ²).
2421 3525 2546 3591 Sed
2592 3548 2674 3591 ne
2715 3546 2792 3589 ea

750 3804 797 3864 ¹)
835 3806 944 3855 Tor.
979 3804 1133 3857 Haut.
1176 3809 1301 3868 prol.
1344 3811 1436 3855 46:
1513 3809 1580 3856 In
1615 3808 1709 3856 hac
1746 3807 1959 3868 [rabula]
1994 3812 2068 3856 est
2112 3820 2250 3868 pura
2286 3808 2468 3856 oratio.
2544 3802 2790 3851 Caesar

568 3892 703 3950 (vide
730 3894 930 3944 Sueton.
969 3894 1062 3942 vit.
1097 3893 1206 3944 Ter.
1234 3910 1280 3957 p.
1310 3901 1392 3959 34,
1420 3900 1449 3945 9
1475 3898 1541 3960 R>
1576 3903 1773 3961 postam
1794 3898 2016 3944 nominat
2038 3899 2163 3957 puri
2197 3895 2448 3943 sermonis
2485 3897 2787 3941 amatorem.

572 3981 939 4031 Ciceronis
973 3983 1220 4031 iudicium
1259 3984 1375 4034 vids
1413 3986 1473 4033 ad
1513 3986 1618 4034 Att.
1659 3989 1686 4033 7
1728 3990 1774 4046 3,
1808 3986 1888 4031 10.

739 4077 787 4138 2)
822 4077 955 4125 Vide
995 4079 1216 4139 Adelph.
1255 4081 1378 4140 prol.
1415 4097 1462 4129 v.
1506 4084 1565 4129 15
1604 4093 1710 4141 sqq.
1768 4078 1913 4127 Oonf.
1949 4075 2263 4124 Schmalz
2301 4078 2353 4123 in
2393 4072 2607 4121 ‘Handb.
2636 4071 2684 4122 d.
2714 4073 2785 4127 kl.

570 4166 924 4216 Altsrtumsw?
963 4168 1010 4214 11
1054 4184 1104 4232 p.
1143 4170 1258 4216 241.
