<?xml version="1.0" encoding="UTF-8"?>
<!DOCTYPE html PUBLIC "-//W3C//DTD XHTML 1.0 Transitional//EN"
    "http://www.w3.org/TR/xhtml1/DTD/xhtml1-transitional.dtd">
<html xmlns="http://www.w3.org/1999/xhtml" xml:lang="en" lang="en">
 <head>
  <title>
</title>
<meta http-equiv="Content-Type" content="text/html;charset=utf-8" />
  <meta name='ocr-system' content='tesseract 3.04.00' />
  <meta name='ocr-capabilities' content='ocr_page ocr_carea ocr_par ocr_line ocrx_word'/>
</head>
<body>
  <div class='ocr_page' id='page_1' title='image "./deperfecticonju00cramgoog_0013.png"; bbox 0 0 3116 4790; ppageno 0'>
   <div class='ocr_carea' id='block_1_1' title="bbox 1477 364 1518 433">
    <p class='ocr_par' dir='ltr' id='par_1_1' title="bbox 1477 364 1518 433">
     <span class='ocr_line' id='line_1_1' title="bbox 1477 364 1518 433; baseline 0 0"><span class='ocrx_word' id='word_1_1' title='bbox 1477 364 1518 433; x_wconf 79' lang='grc' dir='ltr'>ὅ</span> 
     </span>
    </p>
   </div>
   <div class='ocr_carea' id='block_1_2' title="bbox 1292 457 1699 464">
    <p class='ocr_par' dir='ltr' id='par_1_2' title="bbox 1292 457 1699 464">
     <span class='ocr_line' id='line_1_2' title="bbox 1292 457 1699 464; baseline 0 4326"><span class='ocrx_word' id='word_1_2' title='bbox 1292 457 1699 464; x_wconf 95' lang='lat' dir='ltr'> </span> 
     </span>
    </p>
   </div>
   <div class='ocr_carea' id='block_1_3' title="bbox 379 568 2624 2577">
    <p class='ocr_par' dir='ltr' id='par_1_3' title="bbox 379 568 2617 1148">
     <span class='ocr_line' id='line_1_3' title="bbox 387 568 2609 655; baseline -0.003 -17"><span class='ocrx_word' id='word_1_3' title='bbox 387 593 610 638; x_wconf 90' lang='lat' dir='ltr'>verum</span> <span class='ocrx_word' id='word_1_4' title='bbox 656 570 1152 654; x_wconf 57' lang='lat' dir='ltr'>etiam‘perfecti</span> <span class='ocrx_word' id='word_1_5' title='bbox 1192 569 1430 653; x_wconf 80' lang='lat' dir='ltr'><strong>logici</strong></span> <span class='ocrx_word' id='word_1_6' title='bbox 1472 572 1598 649; x_wconf 92' lang='lat' dir='ltr'>(res</span> <span class='ocrx_word' id='word_1_7' title='bbox 1635 572 2016 655; x_wconf 90' lang='lat' dir='ltr'>praeteritas</span> <span class='ocrx_word' id='word_1_8' title='bbox 2052 568 2502 654; x_wconf 80' lang='lat' dir='ltr'>significantis)</span> <span class='ocrx_word' id='word_1_9' title='bbox 2546 576 2609 632; x_wconf 87' lang='lat' dir='ltr'>et</span> 
     </span>
     <span class='ocr_line' id='line_1_4' title="bbox 381 669 2609 759; baseline -0.001 -23"><span class='ocrx_word' id='word_1_10' title='bbox 381 673 679 759; x_wconf 88' lang='lat' dir='ltr'>passivi</span> <span class='ocrx_word' id='word_1_11' title='bbox 723 672 974 756; x_wconf 86' lang='lat' dir='ltr'>generis</span> <span class='ocrx_word' id='word_1_12' title='bbox 1018 669 1315 754; x_wconf 89' lang='lat' dir='ltr'>exempla</span> <span class='ocrx_word' id='word_1_13' title='bbox 1358 669 1713 754; x_wconf 81' lang='lat' dir='ltr'>respiciam.</span> <span class='ocrx_word' id='word_1_14' title='bbox 1798 670 2351 735; x_wconf 89' lang='lat' dir='ltr'>Potentialem</span> <span class='ocrx_word' id='word_1_15' title='bbox 2395 679 2609 734; x_wconf 89' lang='lat' dir='ltr'>autem</span> 
     </span>
     <span class='ocr_line' id='line_1_5' title="bbox 381 770 2617 857; baseline -0.001 -19"><span class='ocrx_word' id='word_1_16' title='bbox 381 773 678 839; x_wconf 90' lang='lat' dir='ltr'>modum</span> <span class='ocrx_word' id='word_1_17' title='bbox 735 771 1033 857; x_wconf 82' lang='lat' dir='ltr'>intellego</span> <span class='ocrx_word' id='word_1_18' title='bbox 1090 771 1344 835; x_wconf 90' lang='lat' dir='ltr'>omnino</span> <span class='ocrx_word' id='word_1_19' title='bbox 1405 771 1470 834; x_wconf 92' lang='lat' dir='ltr'>id</span> <span class='ocrx_word' id='word_1_20' title='bbox 1515 770 1900 856; x_wconf 87' lang='lat' dir='ltr'>(praesentis</span> <span class='ocrx_word' id='word_1_21' title='bbox 1957 781 2021 836; x_wconf 90' lang='lat' dir='ltr'>et</span> <span class='ocrx_word' id='word_1_22' title='bbox 2078 771 2368 856; x_wconf 83' lang='lat' dir='ltr'>perfecti)</span> <span class='ocrx_word' id='word_1_23' title='bbox 2422 793 2571 836; x_wconf 91' lang='lat' dir='ltr'>con</span> <span class='ocrx_word' id='word_1_24' title='bbox 2593 806 2617 818; x_wconf 91' lang='lat'>-</span> 
     </span>
     <span class='ocr_line' id='line_1_6' title="bbox 381 870 2614 957; baseline -0.002 -19"><span class='ocrx_word' id='word_1_25' title='bbox 381 875 719 940; x_wconf 89' lang='lat' dir='ltr'>iunctivi</span> <span class='ocrx_word' id='word_1_26' title='bbox 763 871 1103 939; x_wconf 91' lang='lat' dir='ltr'>absoluti</span> <span class='ocrx_word' id='word_1_27' title='bbox 1155 892 1382 956; x_wconf 86' lang='lat' dir='ltr'>genus,</span> <span class='ocrx_word' id='word_1_28' title='bbox 1442 872 1611 957; x_wconf 91' lang='lat' dir='ltr'>quod</span> <span class='ocrx_word' id='word_1_29' title='bbox 1657 871 1866 936; x_wconf 89' lang='lat' dir='ltr'>locum</span> <span class='ocrx_word' id='word_1_30' title='bbox 1909 871 2107 937; x_wconf 89' lang='lat' dir='ltr'>habet</span> <span class='ocrx_word' id='word_1_31' title='bbox 2149 872 2214 934; x_wconf 89' lang='lat' dir='ltr'>in</span> <span class='ocrx_word' id='word_1_32' title='bbox 2268 870 2614 935; x_wconf 85' lang='lat' dir='ltr'>enuntiatis</span> 
     </span>
     <span class='ocr_line' id='line_1_7' title="bbox 382 973 2616 1057; baseline -0.001 -17"><span class='ocrx_word' id='word_1_33' title='bbox 382 978 466 1042; x_wconf 89' lang='lat' dir='ltr'>ad</span> <span class='ocrx_word' id='word_1_34' title='bbox 502 975 1028 1040; x_wconf 89' lang='lat' dir='ltr'>intellectum</span> <span class='ocrx_word' id='word_1_35' title='bbox 1078 981 1155 1037; x_wconf 93' lang='lat' dir='ltr'>et</span> <span class='ocrx_word' id='word_1_36' title='bbox 1196 973 1603 1037; x_wconf 90' lang='lat' dir='ltr'>iudicium</span> <span class='ocrx_word' id='word_1_37' title='bbox 1633 978 1791 1057; x_wconf 79' lang='lat' dir='ltr'>(non</span> <span class='ocrx_word' id='word_1_38' title='bbox 1824 973 1908 1036; x_wconf 92' lang='lat' dir='ltr'>ad</span> <span class='ocrx_word' id='word_1_39' title='bbox 1944 973 2340 1042; x_wconf 88' lang='lat' dir='ltr'>voluntatem</span> <span class='ocrx_word' id='word_1_40' title='bbox 2365 974 2412 1054; x_wconf 84' lang='lat'>¹)</span> <span class='ocrx_word' id='word_1_41' title='bbox 2442 993 2616 1057; x_wconf 90' lang='lat' dir='ltr'>spec-</span> 
     </span>
     <span class='ocr_line' id='line_1_8' title="bbox 379 1080 688 1148; baseline 0.013 -4"><span class='ocrx_word' id='word_1_42' title='bbox 379 1080 688 1148; x_wconf 87' lang='lat' dir='ltr'>tantibus.</span> 
     </span>
    </p>

    <p class='ocr_par' dir='ltr' id='par_1_4' title="bbox 384 1173 2624 2577">
     <span class='ocr_line' id='line_1_9' title="bbox 554 1173 2616 1264; baseline -0.002 -20"><span class='ocrx_word' id='word_1_43' title='bbox 554 1179 680 1244; x_wconf 87' lang='lat' dir='ltr'>Sed</span> <span class='ocrx_word' id='word_1_44' title='bbox 726 1176 1045 1264; x_wconf 85' lang='lat' dir='ltr'>quaedam</span> <span class='ocrx_word' id='word_1_45' title='bbox 1091 1176 1274 1241; x_wconf 88' lang='lat' dir='ltr'>iuvat</span> <span class='ocrx_word' id='word_1_46' title='bbox 1317 1175 1750 1260; x_wconf 88' lang='lat' dir='ltr'>praemittere.</span> <span class='ocrx_word' id='word_1_47' title='bbox 1817 1173 2210 1238; x_wconf 80' lang='lat' dir='ltr'>Ciceronis</span> <span class='ocrx_word' id='word_1_48' title='bbox 2251 1175 2508 1259; x_wconf 89' lang='lat' dir='ltr'>quidem</span> <span class='ocrx_word' id='word_1_49' title='bbox 2553 1185 2616 1241; x_wconf 89' lang='lat' dir='ltr'>et</span> 
     </span>
     <span class='ocr_line' id='line_1_10' title="bbox 385 1273 2615 1365; baseline -0.001 -21"><span class='ocrx_word' id='word_1_50' title='bbox 385 1279 748 1365; x_wconf 87' lang='lat' dir='ltr'>posterioris</span> <span class='ocrx_word' id='word_1_51' title='bbox 809 1279 1040 1342; x_wconf 88' lang='lat' dir='ltr'>aetatis</span> <span class='ocrx_word' id='word_1_52' title='bbox 1100 1276 1352 1342; x_wconf 89' lang='lat' dir='ltr'>urbano</span> <span class='ocrx_word' id='word_1_53' title='bbox 1415 1277 1691 1341; x_wconf 89' lang='lat' dir='ltr'>sermoni</span> <span class='ocrx_word' id='word_1_54' title='bbox 1749 1273 2240 1359; x_wconf 88' lang='lat' dir='ltr'>probatissimus</span> <span class='ocrx_word' id='word_1_55' title='bbox 2296 1277 2422 1341; x_wconf 88' lang='lat' dir='ltr'>fuit</span> <span class='ocrx_word' id='word_1_56' title='bbox 2461 1299 2615 1342; x_wconf 84' lang='lat' dir='ltr'>usus</span> 
     </span>
     <span class='ocr_line' id='line_1_11' title="bbox 386 1377 2614 1466; baseline -0.002 -20"><span class='ocrx_word' id='word_1_57' title='bbox 386 1380 652 1466; x_wconf 86' lang='lat' dir='ltr'>perfecti</span> <span class='ocrx_word' id='word_1_58' title='bbox 704 1378 879 1443; x_wconf 89' lang='lat' dir='ltr'>modi</span> <span class='ocrx_word' id='word_1_59' title='bbox 936 1379 1304 1464; x_wconf 87' lang='lat' dir='ltr'>potentialis</span> <span class='ocrx_word' id='word_1_60' title='bbox 1363 1400 1480 1463; x_wconf 92' lang='lat' dir='ltr'>pro</span> <span class='ocrx_word' id='word_1_61' title='bbox 1540 1377 1865 1462; x_wconf 90' lang='lat' dir='ltr'>praesenti</span> <span class='ocrx_word' id='word_1_62' title='bbox 1921 1377 2128 1461; x_wconf 90' lang='lat' dir='ltr'>positi.</span> <span class='ocrx_word' id='word_1_63' title='bbox 2231 1377 2614 1442; x_wconf 88' lang='lat' dir='ltr'>Notissimae</span> 
     </span>
     <span class='ocr_line' id='line_1_12' title="bbox 384 1477 2614 1565; baseline -0.001 -19"><span class='ocrx_word' id='word_1_64' title='bbox 384 1489 533 1546; x_wconf 90' lang='lat' dir='ltr'>sunt</span> <span class='ocrx_word' id='word_1_65' title='bbox 566 1479 880 1544; x_wconf 87' lang='lat' dir='ltr'>formulae</span> <span class='ocrx_word' id='word_1_66' title='bbox 923 1479 1103 1543; x_wconf 86' lang='lat' dir='ltr'>illae:</span> <span class='ocrx_word' id='word_1_67' title='bbox 1146 1479 1467 1544; x_wconf 84' lang='lat' dir='ltr'>dixerit</span> <span class='ocrx_word' id='word_1_68' title='bbox 1512 1477 2190 1563; x_wconf 84' lang='lat' dir='ltr'>aliquis,.forsitan</span> <span class='ocrx_word' id='word_1_69' title='bbox 2233 1478 2614 1565; x_wconf 84' lang='lat' dir='ltr'>quispiam</span> 
     </span>
     <span class='ocr_line' id='line_1_13' title="bbox 386 1578 2619 1664; baseline -0.003 -16"><span class='ocrx_word' id='word_1_70' title='bbox 386 1583 707 1663; x_wconf 85' lang='lat' dir='ltr'>dixerit,</span> <span class='ocrx_word' id='word_1_71' title='bbox 772 1580 976 1645; x_wconf 89' lang='lat' dir='ltr'>haud</span> <span class='ocrx_word' id='word_1_72' title='bbox 1043 1579 1277 1645; x_wconf 87' lang='lat' dir='ltr'>facile</span> <span class='ocrx_word' id='word_1_73' title='bbox 1340 1579 1718 1661; x_wconf 82' lang='lat' dir='ltr'>dixerim3</span> <span class='ocrx_word' id='word_1_74' title='bbox 1784 1599 1862 1642; x_wconf 87' lang='lat' dir='ltr'>ac</span> <span class='ocrx_word' id='word_1_75' title='bbox 1918 1591 2177 1664; x_wconf 88' lang='lat' dir='ltr'>praeter</span> <span class='ocrx_word' id='word_1_76' title='bbox 2229 1578 2619 1662; x_wconf 84' lang='lat' dir='ltr'>dixerim,</span> 
     </span>
     <span class='ocr_line' id='line_1_14' title="bbox 388 1679 2618 1765; baseline -0.001 -18"><span class='ocrx_word' id='word_1_77' title='bbox 388 1721 466 1731; x_wconf 91' lang='lat'><strong>—</strong></span> <span class='ocrx_word' id='word_1_78' title='bbox 487 1685 574 1764; x_wconf 92' lang='lat' dir='ltr'>is,</span> <span class='ocrx_word' id='word_1_79' title='bbox 619 1719 694 1729; x_wconf 91' lang='grc'>-</span> <span class='ocrx_word' id='word_1_80' title='bbox 725 1683 787 1747; x_wconf 90' lang='lat' dir='ltr'>it</span> <span class='ocrx_word' id='word_1_81' title='bbox 829 1682 1081 1747; x_wconf 91' lang='lat' dir='ltr'>omnino</span> <span class='ocrx_word' id='word_1_82' title='bbox 1136 1679 1339 1747; x_wconf 92' lang='lat' dir='ltr'>verba</span> <span class='ocrx_word' id='word_1_83' title='bbox 1391 1681 1723 1765; x_wconf 89' lang='lat' dir='ltr'>cogitandi</span> <span class='ocrx_word' id='word_1_84' title='bbox 1781 1689 1845 1744; x_wconf 90' lang='lat' dir='ltr'>et</span> <span class='ocrx_word' id='word_1_85' title='bbox 1886 1679 2139 1744; x_wconf 89' lang='lat' dir='ltr'>dicendi</span> <span class='ocrx_word' id='word_1_86' title='bbox 2197 1679 2506 1764; x_wconf 89' lang='lat' dir='ltr'>imprimis</span> <span class='ocrx_word' id='word_1_87' title='bbox 2549 1681 2618 1746; x_wconf 92' lang='lat' dir='ltr'>in</span> 
     </span>
     <span class='ocr_line' id='line_1_15' title="bbox 389 1780 2619 1867; baseline -0.001 -19"><span class='ocrx_word' id='word_1_88' title='bbox 389 1785 561 1850; x_wconf 90' lang='lat' dir='ltr'>hunc</span> <span class='ocrx_word' id='word_1_89' title='bbox 585 1784 844 1849; x_wconf 90' lang='lat' dir='ltr'>modum</span> <span class='ocrx_word' id='word_1_90' title='bbox 872 1781 1389 1867; x_wconf 88' lang='lat' dir='ltr'>usurpabantur:</span> <span class='ocrx_word' id='word_1_91' title='bbox 1431 1781 1938 1862; x_wconf 87' lang='lat' dir='ltr'>narraverim,</span> <span class='ocrx_word' id='word_1_92' title='bbox 1975 1780 2619 1865; x_wconf 83' lang='lat' dir='ltr'>confirmaverim,</span> 
     </span>
     <span class='ocr_line' id='line_1_16' title="bbox 389 1880 2621 1963; baseline 0 -16"><span class='ocrx_word' id='word_1_93' title='bbox 389 1883 904 1963; x_wconf 84' lang='lat' dir='ltr'>laudaverim,</span> <span class='ocrx_word' id='word_1_94' title='bbox 944 1881 1405 1946; x_wconf 90' lang='lat' dir='ltr'>crediderim</span> <span class='ocrx_word' id='word_1_95' title='bbox 1433 1881 1618 1948; x_wconf 86' lang='lat' dir='ltr'>simil.</span> <span class='ocrx_word' id='word_1_96' title='bbox 1645 1880 1912 1963; x_wconf 84' lang='lat' dir='ltr'>Semper</span> <span class='ocrx_word' id='word_1_97' title='bbox 1937 1880 2070 1945; x_wconf 89' lang='lat' dir='ltr'>fere</span> <span class='ocrx_word' id='word_1_98' title='bbox 2099 1890 2235 1946; x_wconf 90' lang='lat' dir='ltr'>tum</span> <span class='ocrx_word' id='word_1_99' title='bbox 2265 1881 2621 1949; x_wconf 88' lang='lat' dir='ltr'>adhibebat</span> 
     </span>
     <span class='ocr_line' id='line_1_17' title="bbox 390 1983 2618 2069; baseline -0.001 -19"><span class='ocrx_word' id='word_1_100' title='bbox 390 1985 609 2050; x_wconf 84' lang='lat' dir='ltr'>Cicero</span> <span class='ocrx_word' id='word_1_101' title='bbox 680 1983 1069 2069; x_wconf 87' lang='lat' dir='ltr'>perfectum,</span> <span class='ocrx_word' id='word_1_102' title='bbox 1138 2004 1285 2048; x_wconf 90' lang='lat' dir='ltr'>cum</span> <span class='ocrx_word' id='word_1_103' title='bbox 1352 1984 1431 2047; x_wconf 92' lang='lat' dir='ltr'>de</span> <span class='ocrx_word' id='word_1_104' title='bbox 1508 2005 1543 2047; x_wconf 95' lang='lat' dir='ltr'>c</span> <span class='ocrx_word' id='word_1_105' title='bbox 1564 1992 1745 2048; x_wconf 88' lang='lat' dir='ltr'>erta</span> <span class='ocrx_word' id='word_1_106' title='bbox 1810 2004 2082 2068; x_wconf 88' lang='lat' dir='ltr'>persona</span> <span class='ocrx_word' id='word_1_107' title='bbox 2144 1983 2530 2068; x_wconf 90' lang='lat' dir='ltr'>loquebatur</span> <span class='ocrx_word' id='word_1_108' title='bbox 2549 1985 2618 2067; x_wconf 79' lang='lat'>²).</span> 
     </span>
     <span class='ocr_line' id='line_1_18' title="bbox 394 2085 2619 2172; baseline -0 -21"><span class='ocrx_word' id='word_1_109' title='bbox 394 2087 762 2171; x_wconf 86' lang='lat' dir='ltr'>Argenteae</span> <span class='ocrx_word' id='word_1_110' title='bbox 807 2105 958 2150; x_wconf 91' lang='lat' dir='ltr'>vero</span> <span class='ocrx_word' id='word_1_111' title='bbox 1007 2086 1235 2149; x_wconf 90' lang='lat' dir='ltr'>aetatis</span> <span class='ocrx_word' id='word_1_112' title='bbox 1278 2087 1643 2172; x_wconf 79' lang='lat' dir='ltr'>scriptoreS,</span> <span class='ocrx_word' id='word_1_113' title='bbox 1684 2086 1996 2170; x_wconf 89' lang='lat' dir='ltr'>imprimis</span> <span class='ocrx_word' id='word_1_114' title='bbox 2021 2085 2362 2168; x_wconf 86' lang='lat' dir='ltr'>Tacitus,</span> <span class='ocrx_word' id='word_1_115' title='bbox 2405 2096 2619 2172; x_wconf 90' lang='lat' dir='ltr'>poten-</span> 
     </span>
     <span class='ocr_line' id='line_1_19' title="bbox 396 2185 2617 2271; baseline 0 -20"><span class='ocrx_word' id='word_1_116' title='bbox 396 2187 567 2251; x_wconf 88' lang='lat' dir='ltr'>tialis</span> <span class='ocrx_word' id='word_1_117' title='bbox 612 2187 784 2251; x_wconf 90' lang='lat' dir='ltr'>modi</span> <span class='ocrx_word' id='word_1_118' title='bbox 826 2185 1221 2271; x_wconf 90' lang='lat' dir='ltr'>provinciam</span> <span class='ocrx_word' id='word_1_119' title='bbox 1267 2185 1444 2250; x_wconf 91' lang='lat' dir='ltr'>haud</span> <span class='ocrx_word' id='word_1_120' title='bbox 1496 2185 1904 2250; x_wconf 88' lang='lat' dir='ltr'>mediocriter</span> <span class='ocrx_word' id='word_1_121' title='bbox 1956 2185 2381 2270; x_wconf 85' lang='lat' dir='ltr'>protulerunt.</span> <span class='ocrx_word' id='word_1_122' title='bbox 2469 2186 2617 2265; x_wconf 75' lang='lat' dir='ltr'>Quo</span> 
     </span>
     <span class='ocr_line' id='line_1_20' title="bbox 395 2286 2624 2372; baseline -0.001 -20"><span class='ocrx_word' id='word_1_123' title='bbox 395 2290 642 2354; x_wconf 87' lang='lat' dir='ltr'>factum</span> <span class='ocrx_word' id='word_1_124' title='bbox 688 2299 801 2370; x_wconf 87' lang='lat' dir='ltr'>est,</span> <span class='ocrx_word' id='word_1_125' title='bbox 848 2296 922 2352; x_wconf 90' lang='lat' dir='ltr'>ut</span> <span class='ocrx_word' id='word_1_126' title='bbox 964 2287 1221 2352; x_wconf 88' lang='lat' dir='ltr'>labente</span> <span class='ocrx_word' id='word_1_127' title='bbox 1262 2289 1484 2353; x_wconf 87' lang='lat' dir='ltr'>nativo</span> <span class='ocrx_word' id='word_1_128' title='bbox 1528 2287 1869 2350; x_wconf 84' lang='lat' dir='ltr'>latinitatis</span> <span class='ocrx_word' id='word_1_129' title='bbox 1905 2288 2128 2372; x_wconf 89' lang='lat' dir='ltr'>vigore</span> <span class='ocrx_word' id='word_1_130' title='bbox 2171 2286 2273 2352; x_wconf 89' lang='lat' dir='ltr'>vel</span> <span class='ocrx_word' id='word_1_131' title='bbox 2309 2288 2377 2353; x_wconf 88' lang='lat' dir='ltr'>in</span> <span class='ocrx_word' id='word_1_132' title='bbox 2419 2286 2624 2352; x_wconf 88' lang='lat' dir='ltr'>finali-</span> 
     </span>
     <span class='ocr_line' id='line_1_21' title="bbox 392 2387 2624 2474; baseline -0.001 -19"><span class='ocrx_word' id='word_1_133' title='bbox 392 2390 513 2455; x_wconf 88' lang='lat' dir='ltr'>bus</span> <span class='ocrx_word' id='word_1_134' title='bbox 557 2389 885 2454; x_wconf 87' lang='lat' dir='ltr'>sententiis</span> <span class='ocrx_word' id='word_1_135' title='bbox 928 2388 1196 2452; x_wconf 87' lang='lat' dir='ltr'>formam</span> <span class='ocrx_word' id='word_1_136' title='bbox 1242 2387 1513 2453; x_wconf 75' lang='lat' dir='ltr'>dixerim</span> <span class='ocrx_word' id='word_1_137' title='bbox 1552 2410 1670 2474; x_wconf 91' lang='lat' dir='ltr'>pro</span> <span class='ocrx_word' id='word_1_138' title='bbox 1715 2387 1921 2453; x_wconf 82' lang='lat' dir='ltr'>dicam</span> <span class='ocrx_word' id='word_1_139' title='bbox 1964 2398 2272 2474; x_wconf 89' lang='lat' dir='ltr'>ponerent</span> <span class='ocrx_word' id='word_1_140' title='bbox 2289 2388 2368 2473; x_wconf 78' lang='lat'>3),</span> <span class='ocrx_word' id='word_1_141' title='bbox 2433 2399 2624 2474; x_wconf 90' lang='lat' dir='ltr'>atque</span> 
     </span>
     <span class='ocr_line' id='line_1_22' title="bbox 390 2489 2183 2577; baseline 0 -20"><span class='ocrx_word' id='word_1_142' title='bbox 390 2511 872 2577; x_wconf 88' lang='lat' dir='ltr'>nonnumquam</span> <span class='ocrx_word' id='word_1_143' title='bbox 917 2490 1108 2554; x_wconf 87' lang='lat' dir='ltr'>etiam</span> <span class='ocrx_word' id='word_1_144' title='bbox 1152 2489 1281 2552; x_wconf 93' lang='lat' dir='ltr'>alia</span> <span class='ocrx_word' id='word_1_145' title='bbox 1325 2489 1529 2554; x_wconf 86' lang='lat' dir='ltr'>verba</span> <span class='ocrx_word' id='word_1_146' title='bbox 1572 2490 1663 2553; x_wconf 89' lang='lat' dir='ltr'>ita</span> <span class='ocrx_word' id='word_1_147' title='bbox 1706 2499 2094 2575; x_wconf 89' lang='lat' dir='ltr'>usurparent</span> <span class='ocrx_word' id='word_1_148' title='bbox 2112 2489 2183 2572; x_wconf 74' lang='lat'>⁴).</span> 
     </span>
    </p>
   </div>
   <div class='ocr_carea' id='block_1_4' title="bbox 388 2618 775 2624">
    <p class='ocr_par' dir='ltr' id='par_1_5' title="bbox 388 2618 775 2624">
     <span class='ocr_line' id='line_1_23' title="bbox 388 2618 775 2624; baseline 0 0"><span class='ocrx_word' id='word_1_149' title='bbox 388 2618 775 2624; x_wconf 95' lang='lat' dir='ltr'> </span> 
     </span>
    </p>
   </div>
   <div class='ocr_carea' id='block_1_5' title="bbox 387 2668 2627 3168">
    <p class='ocr_par' dir='ltr' id='par_1_6' title="bbox 387 2668 2627 3168">
     <span class='ocr_line' id='line_1_24' title="bbox 567 2668 2622 2730; baseline 0 -13"><span class='ocrx_word' id='word_1_150' title='bbox 567 2668 610 2730; x_wconf 86' lang='lat'>¹)</span> <span class='ocrx_word' id='word_1_151' title='bbox 649 2670 756 2719; x_wconf 85' lang='lat' dir='ltr'>Hac</span> <span class='ocrx_word' id='word_1_152' title='bbox 811 2669 1135 2717; x_wconf 81' lang='lat' dir='ltr'>distinctione</span> <span class='ocrx_word' id='word_1_153' title='bbox 1185 2674 1316 2718; x_wconf 85' lang='lat' dir='ltr'>recte</span> <span class='ocrx_word' id='word_1_154' title='bbox 1364 2669 1574 2728; x_wconf 88' lang='lat' dir='ltr'>utimur,</span> <span class='ocrx_word' id='word_1_155' title='bbox 1619 2669 1740 2718; x_wconf 88' lang='lat' dir='ltr'>licet</span> <span class='ocrx_word' id='word_1_156' title='bbox 1792 2670 2055 2730; x_wconf 86' lang='lat' dir='ltr'>utriusque</span> <span class='ocrx_word' id='word_1_157' title='bbox 2098 2671 2295 2728; x_wconf 84' lang='lat' dir='ltr'>generis</span> <span class='ocrx_word' id='word_1_158' title='bbox 2345 2669 2469 2715; x_wconf 84' lang='lat' dir='ltr'>fines</span> <span class='ocrx_word' id='word_1_159' title='bbox 2522 2682 2622 2717; x_wconf 88' lang='lat' dir='ltr'>non</span> 
     </span>
     <span class='ocr_line' id='line_1_25' title="bbox 387 2754 2620 2820; baseline -0.001 -15"><span class='ocrx_word' id='word_1_160' title='bbox 387 2767 745 2820; x_wconf 74' lang='lat' dir='ltr'>usquequaque</span> <span class='ocrx_word' id='word_1_161' title='bbox 782 2761 1009 2805; x_wconf 81' lang='lat' dir='ltr'>accurate</span> <span class='ocrx_word' id='word_1_162' title='bbox 1060 2754 1417 2803; x_wconf 81' lang='lat' dir='ltr'>distineantur.</span> <span class='ocrx_word' id='word_1_163' title='bbox 1492 2756 1646 2803; x_wconf 88' lang='lat' dir='ltr'>Velut</span> <span class='ocrx_word' id='word_1_164' title='bbox 1693 2755 1972 2804; x_wconf 78' lang='lat' dir='ltr'>adhortatio</span> <span class='ocrx_word' id='word_1_165' title='bbox 2012 2758 2089 2804; x_wconf 83' lang='lat' dir='ltr'>vel</span> <span class='ocrx_word' id='word_1_166' title='bbox 2142 2756 2335 2803; x_wconf 86' lang='lat' dir='ltr'>iussum</span> <span class='ocrx_word' id='word_1_167' title='bbox 2372 2768 2620 2803; x_wconf 85' lang='lat' dir='ltr'>nonnum-</span> 
     </span>
     <span class='ocr_line' id='line_1_26' title="bbox 389 2843 2624 2905; baseline 0 -14"><span class='ocrx_word' id='word_1_168' title='bbox 389 2857 535 2905; x_wconf 80' lang='lat' dir='ltr'>quam</span> <span class='ocrx_word' id='word_1_169' title='bbox 588 2844 891 2905; x_wconf 80' lang='lat' dir='ltr'>exprimitur</span> <span class='ocrx_word' id='word_1_170' title='bbox 941 2857 1031 2905; x_wconf 88' lang='lat' dir='ltr'>per</span> <span class='ocrx_word' id='word_1_171' title='bbox 1081 2843 1458 2890; x_wconf 82' lang='lat' dir='ltr'>coniunctivum</span> <span class='ocrx_word' id='word_1_172' title='bbox 1511 2855 1625 2890; x_wconf 88' lang='lat' dir='ltr'>cum</span> <span class='ocrx_word' id='word_1_173' title='bbox 1675 2857 1784 2891; x_wconf 82' lang='lat' dir='ltr'>non</span> <span class='ocrx_word' id='word_1_174' title='bbox 1835 2846 1941 2904; x_wconf 86' lang='lat' dir='ltr'>(pro</span> <span class='ocrx_word' id='word_1_175' title='bbox 1991 2846 2073 2901; x_wconf 76' lang='lat' dir='ltr'>ne)</span> <span class='ocrx_word' id='word_1_176' title='bbox 2124 2844 2412 2904; x_wconf 84' lang='lat' dir='ltr'>copulatum</span> <span class='ocrx_word' id='word_1_177' title='bbox 2462 2845 2532 2891; x_wconf 82' lang='lat' dir='ltr'>ita</span> <span class='ocrx_word' id='word_1_178' title='bbox 2567 2849 2624 2891; x_wconf 82' lang='lat' dir='ltr'>ut</span> 
     </span>
     <span class='ocr_line' id='line_1_27' title="bbox 391 2928 2624 2991; baseline -0 -14"><span class='ocrx_word' id='word_1_179' title='bbox 391 2932 490 2978; x_wconf 75' lang='lat' dir='ltr'>{or</span> <span class='ocrx_word' id='word_1_180' title='bbox 510 2944 600 2977; x_wconf 89' lang='lat' dir='ltr'>ma</span> <span class='ocrx_word' id='word_1_181' title='bbox 648 2930 780 2978; x_wconf 92' lang='lat' dir='ltr'>modi</span> <span class='ocrx_word' id='word_1_182' title='bbox 830 2931 1132 2991; x_wconf 86' lang='lat' dir='ltr'>potentialis</span> <span class='ocrx_word' id='word_1_183' title='bbox 1185 2929 1382 2979; x_wconf 83' lang='lat' dir='ltr'>evadat.</span> <span class='ocrx_word' id='word_1_184' title='bbox 1459 2928 1596 2987; x_wconf 86' lang='lat' dir='ltr'>Quae</span> <span class='ocrx_word' id='word_1_185' title='bbox 1650 2931 1781 2978; x_wconf 82' lang='lat' dir='ltr'>ratio</span> <span class='ocrx_word' id='word_1_186' title='bbox 1817 2936 1924 2979; x_wconf 87' lang='lat' dir='ltr'>tum</span> <span class='ocrx_word' id='word_1_187' title='bbox 1979 2930 2081 2979; x_wconf 79' lang='lat' dir='ltr'>fero</span> <span class='ocrx_word' id='word_1_188' title='bbox 2118 2928 2458 2988; x_wconf 80' lang='lat' dir='ltr'>adhibebatur,</span> <span class='ocrx_word' id='word_1_189' title='bbox 2512 2943 2624 2979; x_wconf 88' lang='lat' dir='ltr'>cum</span> 
     </span>
     <span class='ocr_line' id='line_1_28' title="bbox 391 3017 2627 3080; baseline 0 -14"><span class='ocrx_word' id='word_1_190' title='bbox 391 3019 505 3079; x_wconf 86' lang='lat' dir='ltr'>quis</span> <span class='ocrx_word' id='word_1_191' title='bbox 542 3024 628 3066; x_wconf 87' lang='lat' dir='ltr'>aut</span> <span class='ocrx_word' id='word_1_192' title='bbox 665 3020 772 3080; x_wconf 90' lang='lat' dir='ltr'>ips</span> <span class='ocrx_word' id='word_1_193' title='bbox 793 3032 884 3065; x_wconf 90' lang='lat' dir='ltr'>am</span> <span class='ocrx_word' id='word_1_194' title='bbox 923 3031 954 3065; x_wconf 89' lang='lat' dir='ltr'>n</span> <span class='ocrx_word' id='word_1_195' title='bbox 975 3019 1362 3077; x_wconf 84' lang='lat' dir='ltr'>egationem</span> <span class='ocrx_word' id='word_1_196' title='bbox 1398 3017 1699 3080; x_wconf 77' lang='lat' dir='ltr'>(non=ne</span> <span class='ocrx_word' id='word_1_197' title='bbox 1726 3023 1929 3074; x_wconf 80' lang='lat' dir='ltr'>oenum)</span> <span class='ocrx_word' id='word_1_198' title='bbox 1960 3019 2144 3067; x_wconf 81' lang='lat' dir='ltr'>fortius</span> <span class='ocrx_word' id='word_1_199' title='bbox 2169 3031 2393 3080; x_wconf 84' lang='lat' dir='ltr'>premere</span> <span class='ocrx_word' id='word_1_200' title='bbox 2427 3018 2627 3066; x_wconf 83' lang='lat' dir='ltr'>volebat</span> 
     </span>
     <span class='ocr_line' id='line_1_29' title="bbox 389 3105 2625 3168; baseline 0.001 -17"><span class='ocrx_word' id='word_1_201' title='bbox 389 3105 553 3165; x_wconf 84' lang='lat' dir='ltr'>(velut</span> <span class='ocrx_word' id='word_1_202' title='bbox 579 3106 687 3153; x_wconf 86' lang='lat' dir='ltr'>Liv.</span> <span class='ocrx_word' id='word_1_203' title='bbox 710 3106 756 3164; x_wconf 82' lang='lat'>6,</span> <span class='ocrx_word' id='word_1_204' title='bbox 774 3109 857 3165; x_wconf 77' lang='lat'>41,</span> <span class='ocrx_word' id='word_1_205' title='bbox 888 3107 946 3151; x_wconf 86' lang='lat'>10</span> <span class='ocrx_word' id='word_1_206' title='bbox 972 3119 1105 3153; x_wconf 82' lang='lat' dir='ltr'>non</span> <span class='ocrx_word' id='word_1_207' title='bbox 1134 3107 1259 3166; x_wconf 70' lang='lat' dir='ltr'>loyes</span> <span class='ocrx_word' id='word_1_208' title='bbox 1283 3109 1555 3167; x_wconf 77' lang='lat' dir='ltr'>auspicato</span> <span class='ocrx_word' id='word_1_209' title='bbox 1570 3107 1832 3168; x_wconf 77' lang='lat' dir='ltr'>ferantur,</span> <span class='ocrx_word' id='word_1_210' title='bbox 1857 3120 1895 3153; x_wconf 82' lang='lat' dir='ltr'><strong><em>n</em></strong></span> <span class='ocrx_word' id='word_1_211' title='bbox 1911 3121 1940 3154; x_wconf 93' lang='lat' dir='ltr'>o</span> <span class='ocrx_word' id='word_1_212' title='bbox 1957 3120 1995 3153; x_wconf 82' lang='lat' dir='ltr'><strong><em>n</em></strong></span> <span class='ocrx_word' id='word_1_213' title='bbox 2021 3107 2357 3168; x_wconf 73' lang='lat' dir='ltr'>mayistratus</span> <span class='ocrx_word' id='word_1_214' title='bbox 2376 3109 2625 3162; x_wconf 75' lang='lat' dir='ltr'>creentur)</span> 
     </span>
    </p>
   </div>
   <div class='ocr_carea' id='block_1_6' title="bbox 391 3193 2699 3255">
    <p class='ocr_par' dir='ltr' id='par_1_7' title="bbox 391 3193 2699 3255">
     <span class='ocr_line' id='line_1_30' title="bbox 391 3193 2699 3255; baseline 0.002 -16"><span class='ocrx_word' id='word_1_215' title='bbox 391 3199 476 3242; x_wconf 83' lang='lat' dir='ltr'>aut</span> <span class='ocrx_word' id='word_1_216' title='bbox 502 3193 761 3242; x_wconf 86' lang='lat' dir='ltr'>notionem</span> <span class='ocrx_word' id='word_1_217' title='bbox 797 3193 1019 3253; x_wconf 81' lang='lat' dir='ltr'>aliquam</span> <span class='ocrx_word' id='word_1_218' title='bbox 1057 3193 1412 3241; x_wconf 80' lang='lat' dir='ltr'>affirmativam</span> <span class='ocrx_word' id='word_1_219' title='bbox 1451 3195 1893 3243; x_wconf 79' lang='lat' dir='ltr'>circumscribebat</span> <span class='ocrx_word' id='word_1_220' title='bbox 1929 3207 2019 3255; x_wconf 90' lang='lat' dir='ltr'>per</span> <span class='ocrx_word' id='word_1_221' title='bbox 2052 3195 2352 3242; x_wconf 85' lang='lat' dir='ltr'>contrariam</span> <span class='ocrx_word' id='word_1_222' title='bbox 2390 3205 2503 3241; x_wconf 88' lang='lat' dir='ltr'>cum</span> <span class='ocrx_word' id='word_1_223' title='bbox 2538 3206 2625 3241; x_wconf 89' lang='lat' dir='ltr'>ne·</span> <span class='ocrx_word' id='word_1_224' title='bbox 2695 3238 2699 3243; x_wconf 92' lang='lat'>.</span> 
     </span>
    </p>
   </div>
   <div class='ocr_carea' id='block_1_7' title="bbox 390 3278 2682 4304">
    <p class='ocr_par' dir='ltr' id='par_1_8' title="bbox 390 3278 2682 4038">
     <span class='ocr_line' id='line_1_31' title="bbox 390 3278 2627 3342; baseline 0 -16"><span class='ocrx_word' id='word_1_225' title='bbox 390 3279 592 3339; x_wconf 77' lang='lat' dir='ltr'>gatione</span> <span class='ocrx_word' id='word_1_226' title='bbox 642 3282 867 3327; x_wconf 85' lang='lat' dir='ltr'>iunctam</span> <span class='ocrx_word' id='word_1_227' title='bbox 917 3279 1077 3335; x_wconf 86' lang='lat' dir='ltr'>(velut</span> <span class='ocrx_word' id='word_1_228' title='bbox 1126 3278 1226 3328; x_wconf 84' lang='lat' dir='ltr'>Cic.</span> <span class='ocrx_word' id='word_1_229' title='bbox 1266 3293 1313 3341; x_wconf 89' lang='lat' dir='ltr'>p.</span> <span class='ocrx_word' id='word_1_230' title='bbox 1353 3278 1548 3329; x_wconf 79' lang='lat' dir='ltr'>cluent.</span> <span class='ocrx_word' id='word_1_231' title='bbox 1601 3283 1664 3329; x_wconf 81' lang='lat'>57</span> <span class='ocrx_word' id='word_1_232' title='bbox 1710 3295 1743 3327; x_wconf 87' lang='lat' dir='ltr'>a</span> <span class='ocrx_word' id='word_1_233' title='bbox 1796 3281 1995 3342; x_wconf 74' lang='lat' dir='ltr'>leyibus</span> <span class='ocrx_word' id='word_1_234' title='bbox 2031 3294 2173 3329; x_wconf 80' lang='lat' dir='ltr'>non</span> <span class='ocrx_word' id='word_1_235' title='bbox 2221 3280 2627 3329; x_wconf 69' lang='lat' dir='ltr'>recedamus</span> 
     </span>
     <span class='ocr_line' id='line_1_32' title="bbox 391 3364 2627 3428; baseline 0.002 -20"><span class='ocrx_word' id='word_1_236' title='bbox 391 3368 479 3425; x_wconf 85' lang='lat'>[=</span> <span class='ocrx_word' id='word_1_237' title='bbox 506 3378 773 3428; x_wconf 90' lang='lat' dir='ltr'>sequamur</span> <span class='ocrx_word' id='word_1_238' title='bbox 810 3364 1008 3427; x_wconf 84' lang='lat' dir='ltr'>leges]).</span> <span class='ocrx_word' id='word_1_239' title='bbox 1035 3387 1100 3398; x_wconf 91' lang='lat'>—</span> <span class='ocrx_word' id='word_1_240' title='bbox 1133 3365 1408 3415; x_wconf 76' lang='lat' dir='ltr'>Difficilior</span> <span class='ocrx_word' id='word_1_241' title='bbox 1457 3373 1534 3415; x_wconf 85' lang='lat' dir='ltr'>est</span> <span class='ocrx_word' id='word_1_242' title='bbox 1589 3369 1816 3427; x_wconf 82' lang='lat' dir='ltr'>quaestio</span> <span class='ocrx_word' id='word_1_243' title='bbox 1867 3367 1928 3415; x_wconf 89' lang='lat' dir='ltr'>de</span> <span class='ocrx_word' id='word_1_244' title='bbox 1976 3368 2249 3428; x_wconf 87' lang='lat' dir='ltr'>particulae</span> <span class='ocrx_word' id='word_1_245' title='bbox 2298 3381 2407 3415; x_wconf 82' lang='lat' dir='ltr'>non</span> <span class='ocrx_word' id='word_1_246' title='bbox 2443 3380 2537 3415; x_wconf 89' lang='lat' dir='ltr'>usu</span> <span class='ocrx_word' id='word_1_247' title='bbox 2573 3368 2627 3413; x_wconf 87' lang='lat' dir='ltr'>in</span> 
     </span>
     <span class='ocr_line' id='line_1_33' title="bbox 391 3452 2629 3517; baseline -0 -15"><span class='ocrx_word' id='word_1_248' title='bbox 391 3453 871 3513; x_wconf 77' lang='lat' dir='ltr'>interrogationibus</span> <span class='ocrx_word' id='word_1_249' title='bbox 897 3452 1199 3501; x_wconf 85' lang='lat' dir='ltr'>dubitativis</span> <span class='ocrx_word' id='word_1_250' title='bbox 1223 3457 1273 3500; x_wconf 90' lang='lat' dir='ltr'>et</span> <span class='ocrx_word' id='word_1_251' title='bbox 1299 3453 1696 3513; x_wconf 85' lang='lat' dir='ltr'>indignabundis</span> <span class='ocrx_word' id='word_1_252' title='bbox 1734 3455 1893 3510; x_wconf 90' lang='lat' dir='ltr'>(velut</span> <span class='ocrx_word' id='word_1_253' title='bbox 1924 3455 2065 3517; x_wconf 77' lang='lat' dir='ltr'>eyon&#39;</span> <span class='ocrx_word' id='word_1_254' title='bbox 2093 3456 2186 3503; x_wconf 79' lang='lat' dir='ltr'>hoc</span> <span class='ocrx_word' id='word_1_255' title='bbox 2213 3468 2320 3502; x_wconf 79' lang='lat' dir='ltr'>non</span> <span class='ocrx_word' id='word_1_256' title='bbox 2343 3456 2545 3516; x_wconf 80' lang='lat' dir='ltr'>faciam</span> <span class='ocrx_word' id='word_1_257' title='bbox 2561 3453 2629 3516; x_wconf 77' lang='grc' dir='ltr'>Ρ).</span> 
     </span>
     <span class='ocr_line' id='line_1_34' title="bbox 391 3537 2627 3602; baseline -0 -15"><span class='ocrx_word' id='word_1_258' title='bbox 391 3540 612 3599; x_wconf 84' lang='lat' dir='ltr'>Draeger</span> <span class='ocrx_word' id='word_1_259' title='bbox 645 3550 764 3586; x_wconf 81' lang='lat' dir='ltr'>sane</span> <span class='ocrx_word' id='word_1_260' title='bbox 801 3539 951 3594; x_wconf 86' lang='lat' dir='ltr'>(Hist.</span> <span class='ocrx_word' id='word_1_261' title='bbox 990 3539 1133 3598; x_wconf 83' lang='lat' dir='ltr'>Synt.</span> <span class='ocrx_word' id='word_1_262' title='bbox 1171 3537 1222 3586; x_wconf 71' lang='grc' dir='ltr'>Ι2</span> <span class='ocrx_word' id='word_1_263' title='bbox 1261 3553 1306 3600; x_wconf 87' lang='lat' dir='ltr'>p.</span> <span class='ocrx_word' id='word_1_264' title='bbox 1351 3542 1450 3588; x_wconf 81' lang='lat'>306</span> <span class='ocrx_word' id='word_1_265' title='bbox 1492 3539 1625 3602; x_wconf 88' lang='lat' dir='ltr'>sqq.)</span> <span class='ocrx_word' id='word_1_266' title='bbox 1665 3541 1774 3589; x_wconf 88' lang='lat' dir='ltr'>eius</span> <span class='ocrx_word' id='word_1_267' title='bbox 1828 3541 2029 3600; x_wconf 82' lang='lat' dir='ltr'>generis</span> <span class='ocrx_word' id='word_1_268' title='bbox 2069 3542 2296 3601; x_wconf 81' lang='lat' dir='ltr'>exempla</span> <span class='ocrx_word' id='word_1_269' title='bbox 2350 3539 2411 3587; x_wconf 90' lang='lat' dir='ltr'>ad</span> <span class='ocrx_word' id='word_1_270' title='bbox 2449 3545 2627 3601; x_wconf 86' lang='lat' dir='ltr'>poten-</span> 
     </span>
     <span class='ocr_line' id='line_1_35' title="bbox 394 3615 2628 3689; baseline -0.001 -14"><span class='ocrx_word' id='word_1_271' title='bbox 394 3628 568 3676; x_wconf 86' lang='lat' dir='ltr'>tialem</span> <span class='ocrx_word' id='word_1_272' title='bbox 608 3627 808 3675; x_wconf 90' lang='lat' dir='ltr'>modum</span> <span class='ocrx_word' id='word_1_273' title='bbox 846 3627 1074 3674; x_wconf 84' lang='lat' dir='ltr'>rettulit:</span> <span class='ocrx_word' id='word_1_274' title='bbox 1118 3625 1207 3673; x_wconf 85' lang='lat' dir='ltr'>sed</span> <span class='ocrx_word' id='word_1_275' title='bbox 1246 3626 1307 3672; x_wconf 82' lang='lat' dir='ltr'>ad</span> <span class='ocrx_word' id='word_1_276' title='bbox 1346 3628 1596 3674; x_wconf 86' lang='lat' dir='ltr'>iussivnm</span> <span class='ocrx_word' id='word_1_277' title='bbox 1621 3641 1778 3687; x_wconf 87' lang='lat' dir='ltr'>genus</span> <span class='ocrx_word' id='word_1_278' title='bbox 1816 3641 1897 3675; x_wconf 85' lang='lat' dir='ltr'>eas</span> <span class='ocrx_word' id='word_1_279' title='bbox 1926 3628 2339 3688; x_wconf 84' lang='lat' dir='ltr'>interrogationes</span> <span class='ocrx_word' id='word_1_280' title='bbox 2374 3615 2628 3689; x_wconf 85' lang='lat' dir='ltr'>pertinere</span> 
     </span>
     <span class='ocr_line' id='line_1_36' title="bbox 393 3697 2682 3776; baseline 0.002 -18"><span class='ocrx_word' id='word_1_281' title='bbox 393 3715 472 3762; x_wconf 82' lang='lat' dir='ltr'>vel</span> <span class='ocrx_word' id='word_1_282' title='bbox 496 3714 616 3762; x_wconf 89' lang='lat' dir='ltr'>inde</span> <span class='ocrx_word' id='word_1_283' title='bbox 643 3719 795 3775; x_wconf 87' lang='lat' dir='ltr'>patet,</span> <span class='ocrx_word' id='word_1_284' title='bbox 836 3714 969 3774; x_wconf 90' lang='lat' dir='ltr'>quod</span> <span class='ocrx_word' id='word_1_285' title='bbox 1006 3713 1253 3762; x_wconf 85' lang='lat' dir='ltr'>Cicero</span> <span class='ocrx_word' id='word_1_286' title='bbox 1292 3714 1547 3762; x_wconf 86' lang='lat' dir='ltr'>interdum</span> <span class='ocrx_word' id='word_1_287' title='bbox 1574 3714 1782 3764; x_wconf 84' lang='lat' dir='ltr'>admisit</span> <span class='ocrx_word' id='word_1_288' title='bbox 1804 3729 1892 3763; x_wconf 79' lang='lat' dir='ltr'>ne:</span> <span class='ocrx_word' id='word_1_289' title='bbox 1935 3715 2044 3764; x_wconf 84' lang='lat' dir='ltr'>Att.</span> <span class='ocrx_word' id='word_1_290' title='bbox 2079 3717 2155 3776; x_wconf 84' lang='grc'>12,</span> <span class='ocrx_word' id='word_1_291' title='bbox 2177 3719 2245 3763; x_wconf 78' lang='grc'>40</span> <span class='ocrx_word' id='word_1_292' title='bbox 2270 3729 2353 3763; x_wconf 80' lang='lat' dir='ltr'>ne</span> <span class='ocrx_word' id='word_1_293' title='bbox 2376 3714 2624 3763; x_wconf 77' lang='lat' dir='ltr'>doleam?</span> <span class='ocrx_word' id='word_1_294' title='bbox 2669 3697 2682 3708; x_wconf 43' lang='lat'><em>³</em></span> 
     </span>
     <span class='ocr_line' id='line_1_37' title="bbox 398 3803 2630 3866; baseline -0 -17"><span class='ocrx_word' id='word_1_295' title='bbox 398 3803 500 3860; x_wconf 68' lang='lat' dir='ltr'>Qui</span> <span class='ocrx_word' id='word_1_296' title='bbox 532 3806 744 3862; x_wconf 75' lang='lat' dir='ltr'>potest?</span> <span class='ocrx_word' id='word_1_297' title='bbox 782 3816 858 3849; x_wconf 82' lang='lat' dir='ltr'>ne</span> <span class='ocrx_word' id='word_1_298' title='bbox 894 3805 1137 3850; x_wconf 77' lang='lat' dir='ltr'>iaceam?</span> <span class='ocrx_word' id='word_1_299' title='bbox 1187 3803 1419 3850; x_wconf 84' lang='lat' dir='ltr'>Fortasse</span> <span class='ocrx_word' id='word_1_300' title='bbox 1456 3803 1731 3863; x_wconf 82' lang='lat' dir='ltr'>particulae</span> <span class='ocrx_word' id='word_1_301' title='bbox 1768 3817 1880 3851; x_wconf 80' lang='lat' dir='ltr'>non</span> <span class='ocrx_word' id='word_1_302' title='bbox 1919 3817 2036 3850; x_wconf 87' lang='lat' dir='ltr'>usus</span> <span class='ocrx_word' id='word_1_303' title='bbox 2073 3817 2137 3851; x_wconf 83' lang='lat' dir='ltr'>ex</span> <span class='ocrx_word' id='word_1_304' title='bbox 2173 3816 2230 3851; x_wconf 94' lang='lat' dir='ltr'>eo</span> <span class='ocrx_word' id='word_1_305' title='bbox 2268 3803 2512 3866; x_wconf 84' lang='lat' dir='ltr'>explicari</span> <span class='ocrx_word' id='word_1_306' title='bbox 2541 3816 2630 3862; x_wconf 90' lang='lat' dir='ltr'>po·</span> 
     </span>
     <span class='ocr_line' id='line_1_38' title="bbox 394 3890 2624 3950; baseline 0 -14"><span class='ocrx_word' id='word_1_307' title='bbox 394 3893 504 3947; x_wconf 87' lang='lat' dir='ltr'>test,</span> <span class='ocrx_word' id='word_1_308' title='bbox 547 3890 677 3950; x_wconf 88' lang='lat' dir='ltr'>quod</span> <span class='ocrx_word' id='word_1_309' title='bbox 716 3895 920 3950; x_wconf 84' lang='lat' dir='ltr'>propter</span> <span class='ocrx_word' id='word_1_310' title='bbox 958 3890 1370 3949; x_wconf 82' lang='lat' dir='ltr'>interrogativam</span> <span class='ocrx_word' id='word_1_311' title='bbox 1410 3890 1664 3938; x_wconf 86' lang='lat' dir='ltr'>enuntiati</span> <span class='ocrx_word' id='word_1_312' title='bbox 1718 3891 1925 3938; x_wconf 84' lang='lat' dir='ltr'>formam</span> <span class='ocrx_word' id='word_1_313' title='bbox 1965 3892 2243 3939; x_wconf 88' lang='lat' dir='ltr'>voluntatis</span> <span class='ocrx_word' id='word_1_314' title='bbox 2281 3893 2419 3939; x_wconf 88' lang='lat' dir='ltr'>notio</span> <span class='ocrx_word' id='word_1_315' title='bbox 2456 3892 2624 3938; x_wconf 84' lang='lat' dir='ltr'>miuus</span> 
     </span>
     <span class='ocr_line' id='line_1_39' title="bbox 395 3974 1066 4038; baseline 0.004 -17"><span class='ocrx_word' id='word_1_316' title='bbox 395 3974 637 4025; x_wconf 87' lang='lat' dir='ltr'>distincte</span> <span class='ocrx_word' id='word_1_317' title='bbox 676 3977 1066 4038; x_wconf 81' lang='lat' dir='ltr'>percipiebatur.</span> 
     </span>
    </p>

    <p class='ocr_par' dir='ltr' id='par_1_9' title="bbox 568 4061 1626 4124">
     <span class='ocr_line' id='line_1_40' title="bbox 568 4061 1626 4124; baseline 0.002 -13"><span class='ocrx_word' id='word_1_318' title='bbox 568 4061 612 4120; x_wconf 72' lang='grc'>2)</span> <span class='ocrx_word' id='word_1_319' title='bbox 649 4063 963 4124; x_wconf 81' lang='lat' dir='ltr'>Meiring.</span> <span class='ocrx_word' id='word_1_320' title='bbox 1024 4065 1131 4113; x_wconf 87' lang='lat' dir='ltr'>Lat.</span> <span class='ocrx_word' id='word_1_321' title='bbox 1172 4064 1387 4114; x_wconf 81' lang='lat' dir='ltr'>Gramm.</span> <span class='ocrx_word' id='word_1_322' title='bbox 1425 4066 1467 4122; x_wconf 72' lang='lat'>§-</span> <span class='ocrx_word' id='word_1_323' title='bbox 1508 4066 1626 4113; x_wconf 80' lang='grc'>642.</span> 
     </span>
    </p>

    <p class='ocr_par' dir='ltr' id='par_1_10' title="bbox 571 4151 2393 4217">
     <span class='ocr_line' id='line_1_41' title="bbox 571 4151 2393 4217; baseline 0.002 -18"><span class='ocrx_word' id='word_1_324' title='bbox 571 4152 616 4210; x_wconf 76' lang='grc'>3)</span> <span class='ocrx_word' id='word_1_325' title='bbox 652 4152 760 4202; x_wconf 87' lang='lat' dir='ltr'>scil.</span> <span class='ocrx_word' id='word_1_326' title='bbox 804 4153 856 4198; x_wconf 83' lang='lat' dir='ltr'>in</span> <span class='ocrx_word' id='word_1_327' title='bbox 895 4153 1106 4199; x_wconf 77' lang='lat' dir='ltr'>formula</span> <span class='ocrx_word' id='word_1_328' title='bbox 1140 4157 1199 4201; x_wconf 81' lang='lat' dir='ltr'>ut</span> <span class='ocrx_word' id='word_1_329' title='bbox 1232 4155 1310 4201; x_wconf 74' lang='lat' dir='ltr'>ita</span> <span class='ocrx_word' id='word_1_330' title='bbox 1349 4155 1464 4209; x_wconf 79' lang='lat' dir='ltr'>(sic)</span> <span class='ocrx_word' id='word_1_331' title='bbox 1501 4153 1720 4202; x_wconf 74' lang='lat' dir='ltr'>dixerim</span> <span class='ocrx_word' id='word_1_332' title='bbox 1758 4151 1923 4217; x_wconf 87' lang='lat' dir='ltr'>(velut</span> <span class='ocrx_word' id='word_1_333' title='bbox 1961 4152 2072 4201; x_wconf 83' lang='lat' dir='ltr'>Tac.</span> <span class='ocrx_word' id='word_1_334' title='bbox 2115 4151 2284 4214; x_wconf 76' lang='lat' dir='ltr'>Agris.</span> <span class='ocrx_word' id='word_1_335' title='bbox 2324 4151 2393 4216; x_wconf 79' lang='grc'>3).</span> 
     </span>
    </p>

    <p class='ocr_par' dir='ltr' id='par_1_11' title="bbox 568 4239 1977 4304">
     <span class='ocr_line' id='line_1_42' title="bbox 568 4239 1977 4304; baseline 0.002 -15"><span class='ocrx_word' id='word_1_336' title='bbox 568 4239 610 4301; x_wconf 77' lang='lat'>4)</span> <span class='ocrx_word' id='word_1_337' title='bbox 648 4239 803 4290; x_wconf 84' lang='lat' dir='ltr'>Velut</span> <span class='ocrx_word' id='word_1_338' title='bbox 836 4239 949 4290; x_wconf 81' lang='lat' dir='ltr'>Tac.</span> <span class='ocrx_word' id='word_1_339' title='bbox 985 4242 1146 4292; x_wconf 86' lang='lat' dir='ltr'>annal.</span> <span class='ocrx_word' id='word_1_340' title='bbox 1184 4240 1272 4304; x_wconf 86' lang='lat' dir='ltr'>Vl,</span> <span class='ocrx_word' id='word_1_341' title='bbox 1299 4242 1364 4288; x_wconf 88' lang='grc'>22</span> <span class='ocrx_word' id='word_1_342' title='bbox 1400 4255 1464 4291; x_wconf 78' lang='lat' dir='ltr'>ne</span> <span class='ocrx_word' id='word_1_343' title='bbox 1499 4241 1709 4302; x_wconf 75' lang='lat' dir='ltr'>lonyius</span> <span class='ocrx_word' id='word_1_344' title='bbox 1743 4240 1977 4292; x_wconf 74' lang='lat' dir='ltr'>abierim.</span> 
     </span>
    </p>
   </div>
  </div>
 </body>
</html>
