3116 4790
1580 326 1665 391 54

508 528 737 592 cedere
782 528 1083 593 invenies.
1170 527 1306 591 Nec
1364 509 1527 589 enim
1576 525 1797 589 subest
1843 525 2003 588 haec
2044 524 2249 589 notio:
2321 521 2484 586 Dies
2527 512 2744 604 d'ii'rfie

508 625 787 709 (ko'nnte)
828 627 930 690 ich
970 629 1132 712 ῥεια
1187 626 1351 691 wohl
1393 624 1784 708 ‘unberufen’
1833 645 2046 710 sayen,
2112 625 2224 689 sed
2270 625 2511 708 potius:
2576 620 2742 686 Dies

508 726 806 791 wiinsche
844 726 946 789 ich
978 728 1139 811 jetzt
1181 725 1573 807 ‘unberufen’
1611 743 1694 788 zu
1727 745 1938 810 saqen,
1982 727 2148 792 sive:
2194 725 2435 789 mechte
2470 723 2572 788 ich
2607 723 2742 788 dies

495 828 657 912 jetzt
710 828 1103 910 ‘unberufen’
1164 847 1357 912 sayeri
1413 826 1646 909 diirferi
1667 828 1714 908 1)
1744 827 2102 892 :liceat
2158 827 2311 888 mihi
2364 850 2425 912 p.
2486 826 2740 891 dicere:

511 929 674 994 conf.
729 950 894 1014 quae
951 931 1122 995 infra
1181 930 1259 994 de
1322 929 1641 993 locutione
1690 948 1855 1012 pace
1898 928 2170 993 alicuius
2221 928 2496 992 dixerim
2538 927 2782 1011 profe--

510 1039 759 1095 rentur.
847 1028 972 1094 Sed
1018 1028 1210 1114 paulo
1259 1029 1629 1093 accuratius
1674 1050 1808 1092 rem
1861 1050 2344 1113 persequamur.

678 1133 779 1195 Ac
809 1133 1084 1215 primum
1124 1131 1382 1215 quidem
1415 1130 1858 1194 adnotandum
1893 1139 1990 1193 est
2025 1152 2115 1214 pr
2137 1131 2370 1192 imam
2408 1150 2745 1215 personam

514 1232 909 1297 coniunctivi
938 1230 1303 1316 potentialis
1333 1232 1702 1316 saepissime
1726 1229 2094 1315 significare
2119 1230 2436 1315 loquentis
2461 1230 2746 1293 animum

512 1333 595 1395 ad
647 1331 891 1418 aliquid
951 1354 1087 1396 esse
1145 1331 1748 1418 propensum²):
1814 1340 2062 1417 spectat
2104 1333 2303 1416 igitur
2349 1353 2400 1398 e.
2446 1353 2499 1399 c.
2534 1350 2745 1415 paene

512 1435 786 1499 dixerim
841 1433 1021 1515 (Tac.
1082 1432 1233 1499 dial.
1297 1435 1404 1512 32)
1468 1433 1688 1520 aliqua
1747 1456 1831 1497 ex
1890 1442 2075 1518 parte
2125 1433 2209 1497 ad
2263 1433 2744 1498 coniunctivum

513 1535 893 1599 volentis.
983 1534 1136 1615 Qua
1179 1536 1245 1597 in
1287 1557 1359 1598 re
1401 1534 1937 1620 deprehendimus
1995 1533 2154 1598 fines
2213 1533 2558 1619 appetendi
2610 1539 2747 1617 (vo-

511 1636 717 1720 lendi)
774 1646 838 1700 et
903 1635 1314 1720 intellegendi
1371 1636 1753 1719 (iudicandi)
1808 1638 1873 1700 in
1933 1646 2142 1701 mente
2185 1635 2471 1700 humana
2515 1657 2746 1720 parum

522 1736 704 1802 firme
764 1747 826 1802 et
881 1737 1179 1802 distincte
1233 1738 1632 1804 constitutos,
1723 1739 1819 1802 Ac
1865 1748 2078 1802 nostro
2134 1737 2392 1822 quidem
2447 1737 2582 1801 loco
2643 1737 2748 1802 vel

519 1839 875 1903 clarissime
936 1838 1146 1902 elucet
1202 1840 1591 1924 optativa
1649 1841 1745 1903 vis
1792 1840 2166 1907 sententiae.
2252 1839 2538 1903 Leonida
2581 1839 2748 1902 enim

521 1963 748 2007 servus
782 1961 949 2026 quae
987 1939 1067 2003 de
1103 1961 1169 2003 se
1195 1941 1330 2025 ipse
1363 1939 1858 2025 praedicaturus
1889 1951 1984 2005 est
2012 1950 2234 2005 contra
2262 1940 2750 2007 fascinationem

521 2042 929 2126 praemunire
967 2041 1140 2106 vult:
1187 2050 1528 2125 propterea
1569 2042 1652 2106 ad
1697 2043 2049 2106 infaustum
2093 2063 2276 2107 omen
2322 2043 2748 2108 avertendum

517 2151 796 2227 optat,
840 2152 912 2206 ut
955 2143 1158 2207 omnis
1203 2142 1450 2206 invidia
1494 2143 1709 2208 verbis
1754 2142 1943 2208 absit.

685 2243 821 2307 Nec
866 2245 1116 2326 phrasis
1160 2265 1327 2329 quae
1367 2253 1461 2307 est
1480 2245 1874 2329 praefiscine
1912 2243 2183 2308 dixerim
2221 2241 2508 2327 analogis
2538 2264 2749 2307 exem-

519 2343 639 2428 plis
686 2353 891 2410 caretz
938 2366 1086 2407 nam
1126 2346 1451 2430 aptissime
1487 2368 1865 2431 comparare
1900 2346 2049 2411 licet
2087 2344 2245 2409 illud
2268 2363 2433 2430 pace
2476 2345 2757 2412 alicuius

523 2445 795 2510 dixerim
813 2445 883 2527 3).
955 2446 1178 2511 Veluti
1223 2450 1398 2532 apud
1444 2448 1813 2513 Ciceronem
1859 2447 2075 2528 (Tusc.
2119 2448 2201 2528 V,
2247 2449 2307 2527 ὃ,
2332 2447 2439 2527 12)
2483 2447 2760 2531 legiturz

526 2546 723 2611 Bruti
784 2567 890 2630 eqo
946 2547 1273 2630 iudicium,
1332 2570 1539 2634 paee
1583 2554 1721 2614 tua
1764 2549 2150 2629 dixerim,
2219 2549 2391 2633 lonqe
2451 2552 2758 2632 antepono

518 2653 625 2713 tuo
688 2648 755 2730 (i.
816 2669 863 2715 e.
925 2654 1160 2732 mo'qest
1219 2650 1303 2712 du
1344 2671 1408 2714 es
1450 2655 1575 2714 mir
1618 2649 1787 2713 ‘nieht
1827 2650 2226 2716 iibelnehmen
2239 2667 2261 2728 ;
2331 2648 2487 2712 ohne
2531 2649 2633 2713 dir
2675 2670 2757 2714 zu

521 2749 683 2814 nahe
723 2752 920 2836 &reteri
967 2770 1050 2813 zu
1091 2751 1359 2835 wellen).
1446 2751 1697 2835 Reapse
1757 2761 1969 2815 autem
2016 2750 2183 2815 hanc
2225 2749 2606 2814 locutionem
2650 2772 2761 2837 op-

522 2851 703 2915 tandi
730 2852 737 2859 ’
761 2850 892 2932 (vel
948 2852 1200 2916 omnino
1260 2852 1551 2935 volendi)
1611 2855 1867 2937 notione
1922 2853 2285 2937 praeditam
2343 2852 2538 2917 fuisse
2581 2853 2761 2919 lucu-

699 3125 744 3187 ¹)
780 3126 921 3175 Conf.
951 3128 1192 3176 Graecum
1222 3117 1297 3183 ὥς
1333 3126 1411 3191 μή
1448 3121 1768 3190 βασκανθῶ
1794 3127 2024 3187 (Theocr.
2058 3132 2104 3190 6,
2129 3132 2211 3188 39,
2248 3129 2385 3177 Plut.
2416 3117 2590 3193 Symp.
2613 3134 2661 3193 5,
2690 3129 2759 3191 7).

694 3212 737 3271 2)
774 3214 1111 3263 Praesens
1150 3214 1355 3278 quidem
1394 3229 1659 3276 semper
1697 3216 1839 3263 fere
1877 3216 2201 3275 (cf.Meiring
2237 3217 2269 3264 1.
2298 3231 2337 3263 s.
2367 3218 2471 3274 ις,
2501 3218 2623 3277 642)
2661 3217 2755 3264 hoc

523 3302 669 3349 modo
706 3304 943 3365 ponitur-z
1010 3302 1324 3361 exceptionis
1365 3302 1474 3351 loco
1515 3307 1592 3351 est
1627 3317 1670 3349 e.
1707 3316 1753 3361 g,
1792 3301 1898 3351 Cio.
1936 3304 2019 3351 off.
2065 3308 2106 3364 l,
2139 3309 2166 3351 3
2204 3304 2491 3364 perfectum
2528 3305 2759 3367 officium

520 3397 734 3448 rectum,
773 3392 975 3451 opinor,
1012 3403 1323 3437 vocemus
1362 3388 1453 3451 (=
1491 3391 1760 3439 ko'nnen
1794 3393 1892 3439 wir
1930 3391 2194 3452 nennen);
2236 3404 2355 3439 sane
2380 3390 2654 3438 notandum
2682 3394 2759 3438 est

524 3479 575 3526 h.
615 3479 652 3526 1.
693 3490 955 3526 numerum
993 3489 1100 3525 esse
1139 3478 1491 3536 pluralem.

698 3565 742 3623 ⁸)
778 3564 919 3614 Oonf.
961 3563 1066 3614 cic.
1118 3577 1168 3623 p.
1205 3562 1317 3612 Mil.
1356 3566 1436 3622 38,
1501 3566 1546 3612 d.
1585 3579 1653 3613 or.
1693 3566 1716 3611 1
1762 3568 1837 3622 17,
1870 3568 1949 3626 76,
2012 3564 2073 3611 ad
2111 3566 2226 3614 fam.
2270 3569 2314 3623 7,
2361 3569 2437 3626 17,
2472 3570 2513 3624 1,
2577 3564 2623 3610 d.
2661 3566 2757 3624 leg.

526 3659 570 3713 3,
614 3658 690 3713 15,
717 3656 798 3713 33,
838 3653 884 3701 d.
925 3652 1027 3699 div.
1072 3654 1114 3710 l,
1162 3655 1240 3712 15,
1267 3653 1348 3711 25,
1385 3651 1433 3700 d.
1475 3654 1561 3701 fat.
1597 3654 1659 3711 33
1699 3651 1888 3703 Vellei.
1936 3658 1977 3710 1,
2021 3656 2065 3713 7,
2092 3655 2136 3699 2.
2198 3653 2325 3701 Vide
2351 3655 2500 3701 etiam
2523 3653 2757 3713 wytten-

522 3743 646 3790 bech
685 3741 745 3790 ad
783 3741 885 3789 Cic.
929 3740 976 3787 d.
1014 3739 1107 3798 leg.
1147 3752 1194 3799 p.
1235 3740 1335 3785 488
1378 3739 1454 3788 ed.
1496 3738 1665 3787 Creuz.
1740 3740 2077 3788 Praesens
2124 3741 2310 3800 legitur
2361 3754 2401 3788 e.
2454 3755 2501 3799 g.
2550 3738 2652 3788 Gic.
2705 3755 2758 3802 p.

525 3828 678 3878 Maro.
719 3830 767 3890 2,
807 3835 836 3875 4
877 3828 968 3876 hoe
1002 3842 1133 3889 pace
1173 3827 1391 3873 dicam
1430 3832 1538 3876 tua.
1616 3826 1851 3876 Conferre
1887 3829 2007 3877 licet
2047 3828 2157 3877 Ter.
2180 3828 2307 3875 Eun.
2337 3828 2440 3875 466
2462 3841 2586 3886 pace
2621 3828 2759 3889 quod

522 3919 618 3979 fiat
655 3922 780 3964 tua:
842 3917 915 3963 ibi
967 3928 1163 3977 quoque
1216 3917 1466 3962 sententia
1514 3919 1592 3961 est
1630 3918 1870 3975 optativa.
1945 3916 2171 3964 Similem
2209 3918 2384 3964 saltem
2423 3916 2528 3963 vim
2565 3914 2759 3962 adscire

526 4002 655 4050 mihi
694 3999 894 4052 videtur
935 4002 1288 4051 coniunctivae
1328 4002 1515 4059 dicam,
1571 4003 1769 4064 quando
1809 4003 1874 4050 ad
1911 4004 2216 4051 locutionem
2255 4005 2405 4052 deum
2442 4006 2633 4051 virtute
2670 4014 2758 4064 per

526 4091 854 4153 parenthesin
896 4090 1112 4139 adicitur
1161 4090 1300 4147 (Brix
1337 4089 1398 4136 ad
1437 4090 1576 4138 Trin.
1613 4106 1659 4137 v,
1698 4089 1836 4152 346).
