3116 4790
1612 357 1652 425 6

696 561 1260 628 Familiarissimus
1315 563 1518 648 igitur
1575 573 1671 628 est
1711 563 1976 648 perfecti
2027 558 2391 647 potentialis
2432 558 2751 624 inferioris

522 665 753 728 aetatis
797 662 1186 728 hominibus:
1231 664 1511 749 priscis
1555 662 2083 749 scriptoribus
2126 682 2270 725 non
2314 659 2511 724 item.

688 765 984 851 Namque
1051 766 1435 830 accuratius
1490 766 1557 828 in
1619 786 1753 829 rem
1818 762 2175 830 attendenti
2236 762 2484 848 patebit
2539 762 2753 847 prisca

525 876 738 931 aetate
779 889 926 932 cum
968 866 1415 933 breviorum
1454 867 1806 932 formarum
1837 887 2024 931 usum
2060 863 2471 951 potentialem
2516 861 2755 927 artissi-

520 968 639 1031 mis
701 966 938 1033 finibus
995 967 1257 1050 includi,
1312 977 1450 1032 tum
1506 967 1937 1054 pleniores
1992 966 2230 1031 formas
2282 965 2367 1030 ad
2412 985 2546 1029 rem
2585 964 2754 1029 futu·

518 1090 660 1133 ram
703 1070 1034 1157 potentiali
1099 1070 1283 1135 modo
1354 1069 1848 1155 significandam
1914 1090 2042 1133 non
2105 1067 2410 1152 usurpari
2478 1065 2601 1129 nisi
2674 1064 2751 1129 in

520 1178 961 1236 structura
1028 1171 1683 1255 hypothetica1).
1790 1168 2091 1234 Condicio
2157 1176 2374 1231 autem
2445 1162 2754 1231 eiusmodi

518 1270 672 1336 locis
726 1272 993 1338 efiertur
1035 1273 1139 1339 vel
1181 1273 1365 1338 solito
1410 1294 1587 1338 more
1630 1270 1969 1358 particulis
2011 1278 2090 1353 si,
2137 1269 2285 1351 nisi,
2336 1268 2425 1350 ni,
2467 1267 2571 1333 vel
2628 1272 2753 1348 (ra-

519 1372 790 1458 rissime)
843 1375 1214 1459 pronomine
1270 1372 1544 1438 relativo
1608 1374 1721 1457 qui
1739 1397 1821 1430 =
1850 1371 1911 1436 si
1970 1372 2135 1454 qm'S,
2202 1369 2305 1437 vel
2366 1369 2751 1454 (rarissime)

518 1472 854 1560 particulis
910 1473 1017 1540 ubi
1058 1484 1122 1539 et
1166 1494 1352 1557 quom
1369 1473 1445 1557 ²),
1510 1495 1677 1561 quae
1744 1484 1879 1539 tum
1926 1474 2010 1538 ad
2064 1475 2197 1541 vim
2253 1471 2752 1538 condicionalem

524 1576 856 1642 accedunt.
930 1577 1146 1662 Atque
1190 1578 1579 1664 primarii
1622 1575 1881 1662 quidem
1934 1575 2248 1641 enuntiati
2300 1573 2753 1640 condicionalis

521 1677 905 1760 paucissima
962 1685 1226 1742 exstant
1283 1678 1598 1763 exempla,
1658 1676 1851 1763 plura
1906 1675 2368 1744 secundarii.
2456 1674 2753 1741 Ceterum

520 1786 584 1840 et
634 1777 776 1862 ipsa
835 1777 905 1844 vi
945 1798 1024 1842 ac
1065 1779 1319 1842 notione
1367 1778 1547 1843 illum
1590 1778 1849 1842 modum
1892 1776 2306 1862 potentialem
2350 1776 2752 1863 aliquantum

520 1878 783 1943 differre
826 1899 866 1941 a
908 1879 1259 1964 posteriore
1303 1901 1426 1944 usu
1470 1878 1849 1944 videbimus.

694 1979 861 2044 Satis
906 1979 1268 2044 inauditum
1314 2000 1466 2044 sane
1510 1980 1599 2062 id,
1642 1978 1812 2065 quod
1856 1979 2042 2044 modo
2086 1978 2265 2045 velut
2306 1981 2399 2043 rei
2441 2001 2753 2044 summam

527 2079 936 2163 adumbravi,
1002 2080 1086 2144 ad
1143 2080 1491 2146 multorum
1545 2102 1735 2145 aures
1797 2080 2048 2146 accidet
2105 2089 2261 2166 puto
2278 2079 2347 2165 ³).
2451 2081 2576 2146 Sed
2634 2082 2753 2148 hoc

521 2181 745 2246 saltem
803 2203 1009 2268 nuper
1067 2183 1194 2244 iam
1254 2179 1339 2245 ab
1394 2180 1536 2244 aliis
1598 2181 1923 2266 cognitum
1983 2190 2078 2244 est
2135 2181 2547 2267 potentialem
2597 2185 2752 2269 perf.

521 2295 646 2348 act.
692 2282 1020 2369 pluralis
1074 2283 1249 2368 apud
1294 2283 1535 2368 priscos
1579 2282 1916 2366 scriptores
1958 2282 2284 2347 nondum
2327 2284 2753 2368 inveniri4).

697 2467 738 2526 ¹)
775 2469 850 2517 De
885 2470 1175 2530 passivo
1210 2484 1458 2529 genere
1494 2472 1592 2521 hoc
1629 2484 1731 2520 non
1768 2470 1961 2518 dictum
1999 2472 2128 2518 volo.

691 2553 735 2614 ¹⁸)
771 2557 940 2617 Quom
999 2556 1090 2604 hoc
1151 2557 1297 2607 modo
1357 2573 1385 2606 a
1448 2560 1557 2607 solo
1615 2558 1869 2607 Catone
1928 2563 2222 2620 usurpatum
2288 2557 2348 2607 de
2412 2571 2564 2620 quom
2626 2565 2752 2621 part.

519 2642 845 2703 hypothetica
881 2658 927 2692 v.
968 2657 1010 2692 e.
1047 2658 1095 2704 g.
1133 2644 1386 2693 Schult
1409 2660 1434 2693 z
1467 2645 1578 2694 Lat.
1616 2644 1831 2694 Gramm.
1875 2647 1914 2703 §-
1954 2648 2054 2693 365
2093 2649 2197 2694 not.
2235 2644 2290 2705 23
2332 2644 2581 2694 Holtze
2618 2646 2666 2694 11
2702 2660 2751 2707 Ρ.

523 2731 620 2777 152
654 2735 720 2781 (e.
758 2743 803 2789 g.
842 2728 948 2779 Cat.
985 2730 1045 2779 de
1096 2731 1247 2791 agric.
1285 2735 1352 2780 90
1402 2746 1555 2794 quom
1599 2734 1690 2795 far
1741 2733 2090 2793 insipien,
2144 2733 2346 2789 puriter
2392 2730 2600 2792 facito).
2672 2732 2752 2782 De

517 2817 635 2865 ubi
669 2818 920 2879 particula
957 2834 1005 2868 v.
1042 2818 1341 2879 Meiring
1377 2821 1411 2868 1.
1448 2834 1489 2868 s.
1525 2834 1566 2868 s.
1600 2820 1646 2877 5.
1689 2823 1792 2868 644
1831 2825 1932 2868 not.
1975 2825 2019 2868 i.

691 2904 735 2964 3)
771 2904 907 2963 Quae
942 2907 1014 2954 sit
1048 2908 1175 2954 ratio
1212 2908 1371 2954 nostri
1421 2906 1685 2955 idiomatis
1737 2907 1870 2970 apud
1906 2909 2099 2969 priscos
2150 2905 2428 2967 scriptores
2477 2905 2599 2956 adeo
2652 2919 2751 2955 non

517 2995 595 3039 est
625 2996 815 3051 notum,
855 2997 911 3040 ut
946 2993 1024 3041 vel
1063 3005 1198 3041 mera
1234 2995 1519 3043 coniectura
1569 2994 1697 3042 locis
1740 3007 1889 3055 quam
1927 2996 2131 3044 minime
2179 2995 2378 3043 idoneis
2411 2993 2620 3055 perfecti
2657 3006 2751 3053 po·

521 3079 785 3129 tentialem
813 3080 868 3126 in
896 3083 1092 3127 textum
1117 3081 1367 3130 inculcare
1391 3079 1595 3144 quidam
1622 3094 1721 3130 non
1750 3083 1857 3130 sint
1882 3082 2053 3131 veriti.
2090 3083 2257 3142 Atque
2291 3080 2615 3140 Draeger,
2661 3080 2751 3139 qui

517 3167 862 3215 recentissimo
912 3170 1135 3229 tempore
1172 3165 1233 3216 de
1270 3167 1488 3216 historia
1551 3170 1783 3229 syntaxis
1835 3170 2023 3217 latinae
2081 3167 2383 3216 illustranda
2434 3169 2622 3228 optime
2673 3173 2751 3217 est

518 3253 745 3312 meritus,
802 3254 877 3302 sic
927 3252 1148 3303 iudicat:
1242 3255 1375 3317 „Der
1434 3254 1577 3305 Geni.
1630 3257 1927 3319 potentialis
1990 3257 2060 3305 ist
2110 3256 2310 3304 bereits
2361 3255 2432 3302 im
2483 3255 2749 3319 Altlatein‚

517 3339 827 3388 namentlich
845 3339 929 3387 bei
945 3339 1041 3389 den
1056 3339 1350 3403 Komikern,
1366 3355 1492 3401 ganz
1505 3341 1853 3402 gewiihnlich“
1880 3343 1922 3400 (Ι
1938 3357 1989 3405 Ρ.
2008 3343 2161 3404 305);
2191 3341 2280 3392 sed
2308 3356 2421 3404 per
2440 3343 2540 3393 fec
2557 3345 2610 3392 ti
2647 3345 2748 3394 sal-

516 3432 618 3474 tem
652 3427 980 3487 potentialem
1007 3428 1237 3504 excipere
1265 3427 1469 3478 debuit:
1521 3443 1618 3479 om
1638 3431 1753 3478 nia
1792 3444 1918 3494 quae
1959 3432 2105 3479 affert
2152 3431 2455 3493 perfecti
2505 3432 2748 3492 exempla,

516 3519 747 3577 spectant
766 3513 830 3562 ad
867 3513 1381 3564 Ciceronianam
1416 3529 1474 3565 ac
1492 3517 1823 3579 posteriorem
1846 3522 2072 3567 aetatem.
2107 3518 2260 3567 Zum
2281 3522 2352 3578 pt
2386 3522 2558 3565 contra
2595 3518 2750 3566 solita

516 3602 883 3650 observationis
935 3602 1042 3650 acie
1093 3616 1213 3650 usus
1262 3603 1466 3652 statuit:
1544 3605 1651 3662 „Im
1689 3604 1892 3654 Ganzen
1940 3606 2012 3654 ist
2064 3619 2123 3653 zu
2174 3605 2457 3666 bemerken,
2508 3605 2623 3653 dass
2662 3604 2750 3655 der

518 3689 662 3738 Goni.
714 3690 790 3738 als
839 3690 1138 3752 potentialis
1191 3704 1290 3738 von
1341 3689 1434 3739 den
1496 3693 1685 3740 alteren
1738 3692 2134 3742 Schriststeliern
2183 3706 2403 3755 sparsam
2455 3691 2750 3752 angewandt

514 3774 691 3826 wird.“
768 3776 1005 3833 (Gramm.
1046 3778 1086 3836 §-
1127 3779 1227 3827 528
1269 3783 1371 3827 not.
1416 3774 1484 3840 i.)
1550 3780 1611 3826 In
1651 3779 1856 3828 eandem
1892 3781 2194 3829 sententiam
2232 3779 2525 3830 Schultz
2562 3781 2595 3828 1.
2633 3792 2672 3830 s.
2707 3793 2747 3828 s.

516 3867 558 3923 §-
577 3865 678 3912 243
702 3864 822 3913 haec
844 3865 1048 3913 scribit:
1110 3866 1243 3928 „Der
1267 3865 1410 3915 Coni.
1429 3867 1505 3914 als
1531 3866 1829 3916 Potentialis
1847 3866 1969 3915 wird
1989 3879 2086 3915 von
2109 3866 2204 3914 den
2228 3866 2626 3916 Schriftstellern
2657 3881 2746 3915 aus

517 3953 606 4001 der
640 3954 753 4001 Zeit
789 3949 878 3999 der
911 3951 1052 4000 R5m.
1087 3951 1342 4016 Republik
1380 3954 1482 4001 viel
1521 3955 1741 4003 seltener
1776 3953 2048 4014 gebraucht
2084 3956 2159 4002 als
2196 3967 2293 4002 von
2331 3954 2427 4002 den
2465 3951 2743 4015 spa‘iteren.“

693 4037 748 4102 4)
785 4040 1023 4089 Tabular.
1076 4039 1413 4101 lexicograph.
1471 4039 1549 4090 ed.
1603 4041 1873 4091 Woelfflin.
1946 4042 1986 4088 1.
2024 4037 2208 4101 (1884)
2241 4054 2291 4102 p.
2331 4043 2428 4091 347
2469 4054 2542 4102 sq.
2580 4041 2647 4097 (J.
2680 4039 2746 4090 H.

518 4126 869 4178 Schmalz:
929 4126 1236 4180 Potentislis
1271 4126 1406 4181 Peri.
1456 4134 1550 4177 act.
1587 4128 1715 4198 plur.
1753 4128 1858 4176 und
1891 4129 2024 4184 Peri.
2062 4126 2287 4196 depon.)2
2364 4131 2470 4180 Vor
2507 4127 2744 4180 Cicero
