3116 4790
1368 408 1450 477 19

303 613 627 694 exhibere,
670 634 863 700 quam
907 614 1175 700 optimos
1217 612 1554 679 latinitatis
1600 624 1889 680 auctores
1925 623 2173 680 secutos
2218 635 2353 679 esse
2396 616 2510 680 sci-

302 739 464 784 muS.
528 716 769 781 Eodem
813 716 976 780 enim
1018 716 1203 782 modo
1245 717 1312 780 in
1348 718 1660 784 eiusmodi
1700 718 2024 783 sententiis
2060 714 2520 801 temporalibus

304 820 752 886 coniunctivus
794 820 1054 904 ponitur
1095 828 1285 905 atque
1320 820 1387 883 in
1424 819 1512 884 eis
1546 819 1907 885 relativis
1954 819 2319 901 enuntiatiS,
2387 823 2521 906 qui·

303 921 426 987 bus
459 919 714 1008 qualis
757 923 840 985 sit
879 920 1097 1006 aliqua
1139 943 1411 1006 persona
1453 920 1557 986 vel
1599 943 1697 986 res
1739 922 2135 1007 significatur
2158 923 2229 1007 1).

414 1047 470 1092 c.
512 1025 940 1089 ‘Attractione
974 1023 1329 1089 modorum’
1366 1033 1544 1088 ortus
1583 1034 1678 1089 est
1713 1025 2161 1092 coniunctivus
2195 1048 2343 1092 cum
2378 1049 2525 1113 par·

601 1124 799 1191 ticula
839 1145 1030 1210 quam
1071 1127 1379 1191 sociatus:

309 1226 523 1294 Plaut.
569 1228 754 1294 Most.
801 1229 921 1293 966
990 1226 1139 1292 Vide
1194 1228 1284 1292 sis
1333 1248 1411 1292 ne
1450 1228 1632 1310 forte
1683 1227 1767 1292 ad
1818 1229 2176 1295 merendam
2228 1235 2524 1316 quopiam

477 1329 844 1412 devorteriS,
888 1329 1093 1414 Atque
1127 1329 1214 1395 ibi
1245 1349 1321 1394 ne
1343 1330 1520 1415 pluS,
1562 1349 1753 1413 quam
1789 1334 1948 1396 satis
1965 1330 2248 1415 fuerit,
2282 1334 2525 1400 biberi&

1364 1507 1457 1562 11.

478 1615 554 1679 In
608 1634 749 1681 con
772 1612 1192 1679 dicionali
1248 1624 1577 1682 structura
1631 1639 2107 1703 nonnumquam
2169 1619 2528 1705 potentialis

319 1718 543 1783 modus
580 1716 848 1804 perfecti
890 1714 1080 1799 logici
1122 1717 1364 1801 positus
1408 1727 1522 1786 est.

438 1817 489 1882 Ι.
532 1818 741 1899 Aetio,
807 1839 974 1904 quac
1028 1817 1227 1883 verbo
1279 1820 1685 1904 exprimitur,
1748 1829 1844 1884 est
1902 1842 2057 1885 vere
2114 1820 2408 1886 absoluta
2464 1831 2531 1885 et

518 1921 864 2009 praeterita
907 1920 1096 2005 (perf.
1133 1920 1599 2009 praeteritum).

506 2045 563 2093 a.
608 2022 1093 2110 Apodoseos
1139 2021 1386 2087 nullum
1429 2032 1522 2088 est
1567 2021 1948 2108 exemplum.

502 2125 565 2192 b.
612 2124 714 2190 Ad
759 2126 1139 2212 protasin
1184 2126 1481 2213 exempla
1525 2134 1815 2213 spectant
1856 2124 2052 2190 haece
2070 2123 2153 2207 ²):

464 2229 520 2293 1.
564 2228 766 2293 activi
807 2227 1084 2314 generis:

324 2328 530 2400 Plaut.
573 2328 741 2397 Rud.
788 2331 910 2395 190
952 2329 1123 2395 Nam
1180 2329 1290 2393 hoe
1347 2330 1434 2393 mi
1489 2329 1621 2395 hau
1662 2328 1745 2393 sit
1803 2327 2002 2393 labori
2059 2326 2329 2392 laborem
2372 2328 2533 2394 hunc

482 2433 707 2518 potiri,
752 2432 825 2500 Si
865 2453 962 2497 me
1003 2453 1154 2518 erqa
1189 2435 1485 2516 parentes
1527 2435 1638 2496 aut
1677 2430 1821 2495 deos
1863 2429 2275 2513 impiarim.

316 2534 454 2603 Mil.
496 2536 571 2599 21
614 2533 1051 2601 Periuriorem
1093 2536 1204 2601 hoc
1241 2535 1546 2599 hominem
1590 2536 1648 2598 si
1691 2534 1835 2618 quis
1865 2530 2204 2613 viderit,
2251 2533 2386 2599 Aut
2409 2535 2536 2620 ylo-

487 2637 735 2703 riarum
768 2637 1118 2721 pleniorem
1162 2656 1352 2721 quam
1392 2636 1522 2702 illie
1567 2640 1678 2716 est,
1723 2631 1834 2697 Me
1875 2634 1995 2700 sibi
2037 2633 2269 2701 habeto.

320 2737 503 2803 Trin.
545 2738 627 2803 85
668 2739 727 2803 si
767 2738 837 2802 id
877 2759 1000 2802 non
1020 2738 1300 2825 feceri
1311 2758 1344 2801 s
1390 2736 1592 2820 Atque
1631 2734 1700 2798 id
1749 2740 1956 2800 tamen
1997 2737 2152 2800 mihi
2194 2737 2394 2803 lubeat
2434 2759 2536 2804 su-

491 2838 835 2924 spicarier:
882 2837 1010 2918 Qui
1049 2842 1118 2905 tu
1157 2838 1226 2902 id
1257 2837 1595 2923 prohibere
1635 2856 1731 2901 me
1762 2841 1943 2919 potes
1985 2859 2063 2902 ne
2102 2840 2429 2923 suspicer?

472 2941 530 3008 2.
579 2940 800 3006 Verba
842 2939 1341 3026 deponentia
1386 2937 1584 3003 habes
1626 2936 1721 3001 his
1764 2937 2018 3024 locis³):

323 3043 539 3112 Plaut.
576 3044 759 3113 Most.
805 3042 930 3108 555
966 3042 1190 3125 dicam,
1233 3043 1292 3107 si
1334 3041 1769 3124 confessus
1810 3042 1925 3105 siv}⁴

327 3144 474 3213 Ter.
520 3146 724 3215 Haut.
763 3146 928 3211 1035
971 3144 1114 3211 Non
1158 3147 1217 3211 si
1260 3166 1338 3211 ex
1380 3145 1583 3230 eapite
1624 3145 1741 3209 sis
1781 3164 1913 3209 meo
1956 3142 2247 3225 Natus,
2289 3189 2304 3205 .
2349 3190 2365 3206 .
2410 3197 2422 3211 .
2467 3164 2542 3210 ea

492 3266 689 3314 eausa
729 3248 931 3333 mayis
966 3248 1214 3333 patiar,
1281 3247 1571 3332 (staiphe,
1622 3244 1898 3331 flayitiis
1939 3246 2067 3310 tuis
2107 3265 2204 3309 me
2238 3245 2542 3328 infamem

477 3347 655 3431 fieri.

336 3449 547 3520 Plaut.
605 3450 772 3516 Rud.
830 3450 999 3516 1380
1053 3448 1210 3516 Cedo
1273 3452 1523 3534 quicum
1577 3449 1836 3516 habeam
1890 3448 2179 3532 iudicem,
2261 3449 2354 3514 Ni
2407 3449 2546 3515 dolo

508 3695 548 3755 ¹)
586 3695 815 3745 Ceterum
849 3696 940 3743 hoc
979 3698 1262 3760 exemplum
1300 3697 1475 3755 (Haut.
1521 3700 1669 3756 1025)
1708 3696 2019 3745 desideratur
2056 3697 2108 3743 in
2144 3698 2331 3745 tabulis
2357 3711 2385 3743 a
2411 3696 2546 3744 Lub-

333 3788 478 3834 berto
514 3788 548 3836 l.
584 3800 624 3835 s.
660 3799 699 3833 s.
735 3798 783 3847 p.
813 3786 911 3832 207
952 3797 1058 3847 sqq.
1096 3786 1350 3835 confectis.

507 3871 555 3932 ²)
592 3871 731 3921 Ocni.
766 3873 872 3919 int
891 3875 1333 3932 arrogatione
1370 3874 1577 3936 obliqua
1614 3877 1690 3921 est
1715 3877 1949 3923 effectus:
1990 3872 2100 3920 Ter.
2127 3870 2218 3919 Ad.
2239 3873 2339 3919 649
2368 3871 2430 3926 (si
2454 3908 2466 3921 .
2494 3905 2505 3916 .
2533 3906 2546 3921 .

336 3961 601 4009 redico-i
619 3965 653 4020 t,
689 3959 818 4021 viso)
844 3964 894 4008 et
919 3960 1084 4009 Plant.
1107 3960 1235 4009 cist.
1268 3963 1369 4009 1111
1389 3963 1435 4017 2,
1457 3965 1516 4009 10
1541 3963 1618 4019 (Si
1642 3965 1755 4025 quis
1778 3963 1931 4014 vidit.
1967 3964 2014 4007 ai
2036 3962 2150 4021 quis
2175 3974 2285 4008 eam
2322 3976 2355 4007 a
2371 3960 2547 4008 batu-

337 4050 564 4110 lerit);
602 4051 666 4106 (si
701 4067 764 4089 =
802 4049 970 4103 num).

508 4135 555 4192 3)
591 4138 830 4194 Interrog.
866 4137 992 4185 obl.:
1036 4138 1178 4184 Truc.
1221 4137 1317 4185 736
1356 4138 1577 4196 discant,
1615 4138 1739 4185 dum
1776 4138 1906 4184 mihi
1932 4139 2268 4182 commentari
2292 4139 2458 4193 liceat,
2493 4140 2550 4183 m·

338 4242 368 4276 o
389 4227 616 4275 blitus
651 4226 833 4274 siem.

2083 4285 2159 4352 2*
