3116 4790
1593 326 1676 392 26

617 821 707 877 De
742 820 940 877 activi
977 824 1240 893 perfecti
1282 824 1675 881 coniunctivo
1711 826 1774 881 in
1809 825 2203 896 primario
2239 825 2670 883 enuntiato

1229 914 1779 969 condicionali
1814 915 2041 984 posito.

704 1015 780 1078 In
822 1018 1189 1081 memoriam
1233 1041 1600 1085 revocemus
1643 1030 1913 1108 oportet,
1967 1042 2158 1107 quam
2201 1020 2332 1085 late
2375 1020 2549 1107 apud
2591 1021 2750 1106 pris-

537 1138 642 1180 cos
701 1118 1037 1203 scriptores
1093 1118 1297 1185 futuri
1353 1122 1567 1186 exacti
1622 1144 1776 1188 usus
1831 1130 2051 1209 pateat
2105 1131 2169 1186 et
2223 1143 2414 1208 quam
2472 1123 2751 1188 usitatae

535 1218 838 1284 Plautina
896 1218 1411 1308 Terentianaque
1477 1231 1689 1287 aetate
1750 1223 1971 1289 variae
2040 1223 2226 1288 huius
2294 1245 2448 1289 usus
2512 1225 2751 1310 species

538 1322 794 1404 fuerint,
839 1343 1002 1407 quae
1047 1333 1270 1409 postea
1312 1326 1547 1411 partim
1584 1325 1772 1411 plane
1808 1334 2232 1408 evanuerunt,
2275 1327 2507 1411 partim
2546 1347 2749 1410 angu-

536 1422 834 1489 stioribus
875 1421 1110 1489 finibus
1163 1435 1312 1491 sunt
1354 1427 1892 1513 circumscriptae.
1978 1428 2126 1507 Qua
2171 1427 2251 1492 de
2293 1450 2363 1493 re
2405 1437 2546 1515 post
2592 1426 2750 1492 alios

537 1526 742 1608 (velut
782 1527 1290 1594 Lindemannum
1336 1539 1398 1594 et
1436 1530 1887 1613 Matthiaeum)
1933 1531 2409 1596 accuratissime
2455 1531 2751 1618 exposuit

536 1630 806 1715 Madvig
847 1632 981 1696 loco
1037 1652 1225 1717 saepe
1281 1631 1546 1696 laudato
1608 1655 1666 1717 p.
1712 1633 1793 1698 89
1835 1654 1968 1718 sqq.
1992 1633 2039 1715 ¹)
2148 1633 2251 1697 Ad
2293 1642 2576 1699 nostram
2617 1655 2755 1698 rem

541 1734 820 1797 maxime
861 1734 1182 1820 pertinent
1226 1735 1347 1798 hae
1388 1736 1646 1822 species.

681 1840 738 1901 1.
784 1834 1200 1921 Significatur
1237 1836 1455 1902 futuro
1499 1837 1586 1901 H.
1632 1838 1725 1900 rei
1767 1835 2038 1900 alicuius
2084 1835 2345 1898 effectus
2388 1832 2455 1896 in
2497 1834 2639 1918 ipsa
2684 1842 2788 1898 re*

787 1941 880 2002 ita
935 1937 1215 2003 inclusus
1273 1949 1346 2004 ut
1397 1938 1586 2002 simul
1637 1959 1782 2003 cum
1842 1959 1917 2001 ea
1972 1937 2227 2001 futurus
2270 1936 2352 2000 sit
2369 1935 2436 2017 2).
2519 1936 2753 2003 Pseud.

790 2040 913 2104 512
958 2041 1017 2103 si
1059 2039 1400 2122 abstulerit,
1459 2040 1693 2105 mirum
1738 2044 1792 2104 et
1834 2056 2126 2124 maynum
2149 2038 2423 2121 facinus
2448 2037 2754 2120 fecerit.

733 2192 746 2207 .
794 2142 1041 2208 Vivida
1082 2143 1534 2226 imaginatione
1578 2165 1677 2207 res
1720 2142 1942 2207 futura
1983 2142 2112 2204 iam
2155 2162 2271 2226 pro
2316 2141 2611 2206 absoluta
2654 2162 2760 2204 su-

792 2247 1016 2309 mitur:
1077 2266 1202 2331 quo
1246 2245 1469 2311 celeris
1513 2255 1577 2310 et
1617 2254 1833 2310 certae
1878 2243 2282 2330 perfectionis
2326 2253 2479 2309 nota
2523 2243 2756 2307 actioni

793 2348 991 2413 verbo
1036 2369 1377 2433 expressae
1420 2349 1825 2436 imprimitur.
1900 2347 2081 2412 Haec
2122 2347 2294 2412 notio
2340 2358 2434 2410 est
2475 2345 2756 2411 omnium

793 2451 1214 2516 usitatissima
1258 2461 1320 2514 et
1367 2451 1812 2537 vulgatissima
1832 2450 1899 2526 3).

694 2556 750 2620 3.
797 2553 1456 2619 Animadvertendum
1506 2576 1660 2618 sane
1702 2564 1798 2617 est
1836 2574 1953 2638 pro
1995 2552 2212 2616 futuro
2255 2557 2480 2614 exacto
2522 2549 2588 2611 in
2630 2569 2755 2612 om·

796 2655 985 2720 nibus
1040 2654 1213 2719 illius
1269 2656 1442 2721 modi
1483 2656 1824 2720 enuntiatis
1874 2654 2024 2739 poni
2065 2674 2246 2739 posse
2285 2652 2577 2718 futurum
2614 2652 2757 2715 sim-

795 2757 946 2844 plex
961 2758 1032 2839 4).
1118 2758 1339 2837 Quare
1380 2780 1572 2845 saepe
1623 2758 1958 2843 utriusque
2000 2756 2295 2841 temporis
2337 2754 2578 2819 formae
2619 2776 2757 2838 pro-

801 2863 1039 2925 miscue
1082 2872 1430 2948 usurpatae
1483 2870 1634 2926 sunt
1676 2858 2000 2945 (exempla
2040 2858 2241 2922 multa
2283 2880 2385 2942 ap.
2430 2856 2648 2922 Madv.
2693 2880 2755 2943 p.

809 2963 907 3028 93.
950 2966 1161 3043 not.)„
1221 2963 1382 3027 Sunt
1445 2972 1660 3027 tamen
1716 2972 1930 3032 certae
1983 2961 2185 3025 futuri
2234 2959 2446 3024 exacti
2498 2960 2761 3042 formae,

687 2146 725 2204 [ὗ

728 3204 775 3269 1)
807 3206 949 3255 Oonf.
988 3209 1176 3257 Lorenz
1213 3208 1277 3256 ad
1310 3208 1491 3258 Most.2
1526 3225 1607 3257 vv,
1646 3211 1763 3258 590.
1806 3212 1921 3257 687.
1966 3208 2115 3257 1039.
2167 3208 2429 3257 Praeterea
2453 3205 2566 3255 vide
2594 3206 2761 3255 Tho-

550 3308 646 3340 ma
668 3308 691 3340 s
730 3295 816 3351 (La
853 3301 1064 3358 syntaxe
1102 3295 1167 3343 du
1205 3298 1342 3345 futur
1376 3295 1521 3360 passe
1561 3298 1684 3346 dans
1722 3296 1968 3357 Terence),
2008 3311 2103 3345 rev.
2148 3296 2209 3344 de
2246 3295 2585 3343 l’instruction
2620 3296 2761 3355 publ.

550 3383 695 3441 helgo
743 3385 866 3432 1876
904 3397 952 3445 p.
991 3386 1092 3433 365
1130 3398 1254 3449 sqq.,
1320 3388 1447 3434 1878
1485 3401 1534 3449 p.
1581 3389 1639 3435 17
1680 3399 1813 3447 sqq.;
1876 3385 2189 3446 Meifart‚
2248 3385 2323 3433 De
2361 3385 2516 3432 futuri
2552 3396 2629 3430 ex.
2668 3396 2760 3431 usu

554 3472 712 3520 Plaut.
754 3472 926 3527 (Jonae
969 3475 1135 3531 1885).

726 3576 769 3639 2)
803 3579 864 3630 V.
905 3578 1068 3627 Madv.
1106 3593 1154 3640 p.
1197 3581 1260 3626 84
1302 3591 1403 3638 sqq.
1433 3600 1498 3611 —
1523 3576 1753 3626 Ceterum
1802 3578 1887 3627 hic
1932 3591 2052 3626 usus
2102 3590 2163 3625 ne
2214 3592 2241 3623 a
2276 3576 2512 3627 Cicerone
2563 3576 2761 3637 quidem

552 3666 749 3714 alienus
788 3673 887 3715 est:
952 3668 1067 3716 fam.
1112 3670 1187 3726 11,
1214 3672 1242 3713 4
1285 3666 1420 3728 quod
1455 3680 1572 3714 cum
1603 3666 1779 3727 facies,
1829 3681 1884 3715 eac
1921 3680 2115 3728 mayna
2148 3670 2294 3727 parte
2330 3667 2591 3713 communi
2624 3680 2761 3715 com-

553 3756 703 3805 modo
739 3758 1187 3806 inservieris.

728 3861 772 3920 8)
809 3862 945 3910 Conf.
999 3865 1147 3911 etiam
1200 3861 1361 3907 Brix
1413 3858 1474 3906 ad
1511 3857 1651 3921 Gapt.
1700 3875 1744 3908 v,
1787 3861 1907 3921 290,
1976 3859 2268 3921 Spengel
2307 3858 2416 3907 Ter.
2452 3858 2604 3906 Andr.
2644 3860 2761 3909 381.

557 3952 650 4001 Ad.
691 3954 806 4008 602,
861 3950 1209 3999 Dziatzko
1262 3948 1369 3996 Ter.
1423 3947 1623 3996 Phor'm.
1674 3950 1790 4005 426,
1852 3948 2090 3995 Haasii
2141 3946 2200 3994 ad
2251 3947 2442 4007 Reisig.
2492 3947 2641 3998 schol.
2676 3950 2763 3997 lat.

561 4041 731 4089 adnot.
775 4042 891 4087 455.

733 4143 777 4211 4)
814 4144 952 4193 Conf.
992 4144 1276 4195 Meifart
1310 4146 1345 4194 1.
1381 4158 1419 4192 s.
1456 4157 1494 4193 s.
1532 4157 1585 4210 p.
1632 4147 1687 4192 15
1725 4158 1830 4212 sqq·
