<?xml version="1.0" encoding="UTF-8"?>
<!DOCTYPE html PUBLIC "-//W3C//DTD XHTML 1.0 Transitional//EN"
    "http://www.w3.org/TR/xhtml1/DTD/xhtml1-transitional.dtd">
<html xmlns="http://www.w3.org/1999/xhtml" xml:lang="en" lang="en">
 <head>
  <title>
</title>
<meta http-equiv="Content-Type" content="text/html;charset=utf-8" />
  <meta name='ocr-system' content='tesseract 3.04.00' />
  <meta name='ocr-capabilities' content='ocr_page ocr_carea ocr_par ocr_line ocrx_word'/>
</head>
<body>
  <div class='ocr_page' id='page_1' title='image "./deperfecticonju00cramgoog_0068.png"; bbox 0 0 3116 4790; ppageno 0'>
   <div class='ocr_carea' id='block_1_1' title="bbox 1595 398 1683 461">
    <p class='ocr_par' dir='ltr' id='par_1_1' title="bbox 1595 398 1683 461">
     <span class='ocr_line' id='line_1_1' title="bbox 1595 398 1683 461; baseline 0 0"><span class='ocrx_word' id='word_1_1' title='bbox 1595 398 1683 461; x_wconf 84' lang='lat'><strong>60</strong></span> 
     </span>
    </p>
   </div>
   <div class='ocr_carea' id='block_1_2' title="bbox 1437 487 1842 495">
    <p class='ocr_par' dir='ltr' id='par_1_2' title="bbox 1437 487 1842 495">
     <span class='ocr_line' id='line_1_2' title="bbox 1437 487 1842 495; baseline 0 4295"><span class='ocrx_word' id='word_1_2' title='bbox 1437 487 1842 495; x_wconf 95' lang='lat' dir='ltr'><strong> </strong></span> 
     </span>
    </p>
   </div>
   <div class='ocr_carea' id='block_1_3' title="bbox 521 594 2759 1427">
    <p class='ocr_par' dir='ltr' id='par_1_3' title="bbox 525 594 2759 786">
     <span class='ocr_line' id='line_1_3' title="bbox 694 594 2758 682; baseline 0 -24"><span class='ocrx_word' id='word_1_3' title='bbox 694 595 891 659; x_wconf 90' lang='lat' dir='ltr'><strong>Recte</strong></span> <span class='ocrx_word' id='word_1_4' title='bbox 934 594 1253 661; x_wconf 85' lang='lat' dir='ltr'><strong>Lorenz</strong></span> <span class='ocrx_word' id='word_1_5' title='bbox 1301 597 1359 661; x_wconf 90' lang='lat' dir='ltr'><strong>h.</strong></span> <span class='ocrx_word' id='word_1_6' title='bbox 1404 596 1443 662; x_wconf 92' lang='lat' dir='ltr'><strong>l.</strong></span> <span class='ocrx_word' id='word_1_7' title='bbox 1488 598 1608 662; x_wconf 88' lang='lat' dir='ltr'><strong>fut.</strong></span> <span class='ocrx_word' id='word_1_8' title='bbox 1653 596 1740 664; x_wconf 92' lang='lat' dir='ltr'><strong>II.</strong></span> <span class='ocrx_word' id='word_1_9' title='bbox 1788 601 2079 682; x_wconf 87' lang='lat' dir='ltr'><strong>agnoscit</strong></span> <span class='ocrx_word' id='word_1_10' title='bbox 2113 597 2416 682; x_wconf 86' lang='lat' dir='ltr'><strong>delegans</strong></span> <span class='ocrx_word' id='word_1_11' title='bbox 2453 598 2537 663; x_wconf 88' lang='lat' dir='ltr'><strong>ad</strong></span> <span class='ocrx_word' id='word_1_12' title='bbox 2568 599 2758 662; x_wconf 88' lang='lat' dir='ltr'><strong>Most.</strong></span> 
     </span>
     <span class='ocr_line' id='line_1_4' title="bbox 525 693 2759 786; baseline 0.003 -31"><span class='ocrx_word' id='word_1_13' title='bbox 525 693 603 774; x_wconf 89' lang='grc' dir='ltr'><strong>(Ι.</strong></span> <span class='ocrx_word' id='word_1_14' title='bbox 652 694 783 778; x_wconf 90' lang='lat' dir='ltr'><strong>ed.)</strong></span> <span class='ocrx_word' id='word_1_15' title='bbox 827 718 889 760; x_wconf 88' lang='lat' dir='ltr'><strong>v.</strong></span> <span class='ocrx_word' id='word_1_16' title='bbox 935 696 1062 761; x_wconf 81' lang='lat'><strong>573</strong></span> <span class='ocrx_word' id='word_1_17' title='bbox 1086 697 1155 779; x_wconf 88' lang='lat'><strong>¹),</strong></span> <span class='ocrx_word' id='word_1_18' title='bbox 1199 697 1312 762; x_wconf 89' lang='lat' dir='ltr'><strong>ubi</strong></span> <span class='ocrx_word' id='word_1_19' title='bbox 1356 698 1530 764; x_wconf 90' lang='lat' dir='ltr'><strong>hunc</strong></span> <span class='ocrx_word' id='word_1_20' title='bbox 1573 721 1759 763; x_wconf 90' lang='lat' dir='ltr'><strong>usum</strong></span> <span class='ocrx_word' id='word_1_21' title='bbox 1802 699 2105 786; x_wconf 85' lang='lat' dir='ltr'><strong>explieat.</strong></span> <span class='ocrx_word' id='word_1_22' title='bbox 2192 699 2436 764; x_wconf 88' lang='lat' dir='ltr'><strong>Eodem</strong></span> <span class='ocrx_word' id='word_1_23' title='bbox 2480 699 2759 784; x_wconf 87' lang='lat' dir='ltr'><strong>pertinet</strong></span> 
     </span>
    </p>

    <p class='ocr_par' dir='ltr' id='par_1_4' title="bbox 708 814 2759 900">
     <span class='ocr_line' id='line_1_5' title="bbox 708 814 2759 900; baseline 0.003 -24"><span class='ocrx_word' id='word_1_24' title='bbox 708 814 768 880; x_wconf 92' lang='lat' dir='ltr'><strong>d.</strong></span> <span class='ocrx_word' id='word_1_25' title='bbox 813 815 1005 882; x_wconf 89' lang='lat' dir='ltr'><strong>Poen.</strong></span> <span class='ocrx_word' id='word_1_26' title='bbox 1047 816 1128 897; x_wconf 87' lang='lat' dir='ltr'><strong>V,</strong></span> <span class='ocrx_word' id='word_1_27' title='bbox 1167 816 1333 897; x_wconf 80' lang='lat'><strong>2,13</strong></span> <span class='ocrx_word' id='word_1_28' title='bbox 1370 817 1560 900; x_wconf 79' lang='lat'>(973)</span> <span class='ocrx_word' id='word_1_29' title='bbox 1592 819 1745 900; x_wconf 78' lang='lat' dir='ltr'><strong>quin</strong></span> <span class='ocrx_word' id='word_1_30' title='bbox 1784 822 1852 882; x_wconf 78' lang='lat' dir='ltr'><strong>tu</strong></span> <span class='ocrx_word' id='word_1_31' title='bbox 1883 818 2128 883; x_wconf 73' lang='lat' dir='ltr'><strong>insistis</strong></span> <span class='ocrx_word' id='word_1_32' title='bbox 2151 816 2468 900; x_wconf 67' lang='lat' dir='ltr'><strong>fortiter?</strong></span> <span class='ocrx_word' id='word_1_33' title='bbox 2515 817 2759 899; x_wconf 79' lang='lat' dir='ltr'><strong>Aliqua</strong></span> 
     </span>
    </p>

    <p class='ocr_par' dir='ltr' id='par_1_5' title="bbox 815 914 1930 1000">
     <span class='ocr_line' id='line_1_6' title="bbox 815 914 1930 1000; baseline 0.006 -20"><span class='ocrx_word' id='word_1_34' title='bbox 815 914 1109 982; x_wconf 79' lang='lat' dir='ltr'><strong><em>Fortuna</em></strong></span> <span class='ocrx_word' id='word_1_35' title='bbox 1135 916 1249 1000; x_wconf 80' lang='lat' dir='ltr'><strong>fa</strong></span> <span class='ocrx_word' id='word_1_36' title='bbox 1264 937 1343 982; x_wconf 80' lang='lat' dir='ltr'><strong>er</strong></span> <span class='ocrx_word' id='word_1_37' title='bbox 1362 919 1427 982; x_wconf 71' lang='lat' dir='ltr'><strong>it</strong></span> <span class='ocrx_word' id='word_1_38' title='bbox 1470 918 1761 985; x_wconf 79' lang='lat' dir='ltr'><strong>adiutrix</strong></span> <span class='ocrx_word' id='word_1_39' title='bbox 1801 920 1930 987; x_wconf 73' lang='lat' dir='ltr'><strong>tibi.</strong></span> 
     </span>
    </p>

    <p class='ocr_par' dir='ltr' id='par_1_6' title="bbox 521 1034 2759 1427">
     <span class='ocr_line' id='line_1_7' title="bbox 696 1034 2756 1104; baseline 0 -6"><span class='ocrx_word' id='word_1_40' title='bbox 696 1034 840 1099; x_wconf 88' lang='lat' dir='ltr'><strong>Non</strong></span> <span class='ocrx_word' id='word_1_41' title='bbox 886 1037 1184 1100; x_wconf 88' lang='lat' dir='ltr'><strong>convenit</strong></span> <span class='ocrx_word' id='word_1_42' title='bbox 1229 1036 1380 1101; x_wconf 88' lang='lat' dir='ltr'><strong>huic</strong></span> <span class='ocrx_word' id='word_1_43' title='bbox 1424 1037 1628 1102; x_wconf 91' lang='lat' dir='ltr'><strong>alacri</strong></span> <span class='ocrx_word' id='word_1_44' title='bbox 1667 1048 1730 1102; x_wconf 86' lang='lat' dir='ltr'><strong>et</strong></span> <span class='ocrx_word' id='word_1_45' title='bbox 1763 1038 2028 1104; x_wconf 78' lang='lat' dir='ltr'><strong>vividae</strong></span> <span class='ocrx_word' id='word_1_46' title='bbox 2063 1037 2501 1102; x_wconf 79' lang='lat' dir='ltr'><strong>adhortationi</strong></span> <span class='ocrx_word' id='word_1_47' title='bbox 2530 1035 2756 1101; x_wconf 90' lang='lat' dir='ltr'><strong>modus</strong></span> 
     </span>
     <span class='ocr_line' id='line_1_8' title="bbox 526 1134 2759 1224; baseline 0.002 -26"><span class='ocrx_word' id='word_1_48' title='bbox 526 1134 909 1218; x_wconf 79' lang='lat' dir='ltr'><strong>potentialis,</strong></span> <span class='ocrx_word' id='word_1_49' title='bbox 999 1136 1216 1200; x_wconf 85' lang='lat' dir='ltr'><strong>Etiam</strong></span> <span class='ocrx_word' id='word_1_50' title='bbox 1274 1137 1335 1202; x_wconf 88' lang='lat' dir='ltr'><strong>h.</strong></span> <span class='ocrx_word' id='word_1_51' title='bbox 1394 1136 1434 1205; x_wconf 92' lang='lat' dir='ltr'><strong>l.</strong></span> <span class='ocrx_word' id='word_1_52' title='bbox 1491 1139 1807 1202; x_wconf 86' lang='lat' dir='ltr'><strong>sententia</strong></span> <span class='ocrx_word' id='word_1_53' title='bbox 1864 1137 1947 1202; x_wconf 89' lang='lat' dir='ltr'><strong>ad</strong></span> <span class='ocrx_word' id='word_1_54' title='bbox 2001 1138 2312 1202; x_wconf 88' lang='lat' dir='ltr'><strong>rationem</strong></span> <span class='ocrx_word' id='word_1_55' title='bbox 2357 1137 2759 1224; x_wconf 83' lang='lat' dir='ltr'><strong>hypothe-</strong></span> 
     </span>
     <span class='ocr_line' id='line_1_9' title="bbox 524 1234 2758 1325; baseline 0.002 -28"><span class='ocrx_word' id='word_1_56' title='bbox 524 1234 766 1299; x_wconf 80' lang='lat' dir='ltr'><strong>ticam</strong></span> <span class='ocrx_word' id='word_1_57' title='bbox 811 1258 1013 1322; x_wconf 82' lang='lat' dir='ltr'>prope</span> <span class='ocrx_word' id='word_1_58' title='bbox 1054 1238 1331 1304; x_wconf 84' lang='lat' dir='ltr'><strong>accedit:</strong></span> <span class='ocrx_word' id='word_1_59' title='bbox 1385 1239 1543 1323; x_wconf 80' lang='lat' dir='ltr'><strong>quin</strong></span> <span class='ocrx_word' id='word_1_60' title='bbox 1585 1243 1655 1304; x_wconf 77' lang='lat' dir='ltr'><strong>tu</strong></span> <span class='ocrx_word' id='word_1_61' title='bbox 1695 1238 1936 1304; x_wconf 75' lang='lat' dir='ltr'><strong>insistis</strong></span> <span class='ocrx_word' id='word_1_62' title='bbox 1978 1250 2075 1305; x_wconf 88' lang='lat' dir='ltr'><strong>est</strong></span> <span class='ocrx_word' id='word_1_63' title='bbox 2116 1262 2232 1325; x_wconf 93' lang='lat' dir='ltr'><strong>pro</strong></span> <span class='ocrx_word' id='word_1_64' title='bbox 2271 1239 2490 1305; x_wconf 72' lang='lat' dir='ltr'><strong>insiste</strong></span> <span class='ocrx_word' id='word_1_65' title='bbox 2499 1257 2523 1320; x_wconf 89' lang='lat'><em>;</em></span> <span class='ocrx_word' id='word_1_66' title='bbox 2566 1241 2758 1325; x_wconf 91' lang='lat' dir='ltr'><strong>impe·</strong></span> 
     </span>
     <span class='ocr_line' id='line_1_10' title="bbox 521 1337 2758 1427; baseline 0.003 -30"><span class='ocrx_word' id='word_1_67' title='bbox 521 1337 808 1403; x_wconf 89' lang='lat' dir='ltr'><strong>rativum</strong></span> <span class='ocrx_word' id='word_1_68' title='bbox 853 1348 1067 1404; x_wconf 88' lang='lat' dir='ltr'><strong>autem</strong></span> <span class='ocrx_word' id='word_1_69' title='bbox 1113 1362 1230 1425; x_wconf 93' lang='lat' dir='ltr'><strong>pro</strong></span> <span class='ocrx_word' id='word_1_70' title='bbox 1277 1344 1523 1427; x_wconf 81' lang='lat' dir='ltr'><strong>protasi</strong></span> <span class='ocrx_word' id='word_1_71' title='bbox 1568 1341 1902 1427; x_wconf 89' lang='lat' dir='ltr'><strong>potentiali</strong></span> <span class='ocrx_word' id='word_1_72' title='bbox 1946 1343 2099 1427; x_wconf 92' lang='lat' dir='ltr'><strong>poni</strong></span> <span class='ocrx_word' id='word_1_73' title='bbox 2140 1342 2374 1422; x_wconf 87' lang='lat' dir='ltr'><strong>scimus</strong></span> <span class='ocrx_word' id='word_1_74' title='bbox 2421 1342 2524 1422; x_wconf 88' lang='lat' dir='ltr'><strong>(cf.</strong></span> <span class='ocrx_word' id='word_1_75' title='bbox 2557 1363 2758 1427; x_wconf 89' lang='lat' dir='ltr'><strong>supra</strong></span> 
     </span>
    </p>
   </div>
   <div class='ocr_carea' id='block_1_4' title="bbox 503 1436 2756 1621">
    <p class='ocr_par' dir='ltr' id='par_1_7' title="bbox 503 1436 2756 1621">
     <span class='ocr_line' id='line_1_11' title="bbox 521 1436 2756 1528; baseline 0.004 -28"><span class='ocrx_word' id='word_1_76' title='bbox 521 1436 699 1502; x_wconf 86' lang='lat' dir='ltr'><strong>Trin.</strong></span> <span class='ocrx_word' id='word_1_77' title='bbox 756 1464 817 1506; x_wconf 89' lang='lat' dir='ltr'><strong>v.</strong></span> <span class='ocrx_word' id='word_1_78' title='bbox 883 1440 1059 1524; x_wconf 85' lang='lat'>139).</span> <span class='ocrx_word' id='word_1_79' title='bbox 1163 1442 1284 1507; x_wconf 89' lang='lat' dir='ltr'><strong>Est</strong></span> <span class='ocrx_word' id='word_1_80' title='bbox 1340 1444 1539 1527; x_wconf 86' lang='lat' dir='ltr'><strong>igitur</strong></span> <span class='ocrx_word' id='word_1_81' title='bbox 1597 1442 2125 1528; x_wconf 86' lang='lat' dir='ltr'><strong>intellegendum:</strong></span> <span class='ocrx_word' id='word_1_82' title='bbox 2193 1443 2253 1507; x_wconf 82' lang='lat' dir='ltr'><strong>si</strong></span> <span class='ocrx_word' id='word_1_83' title='bbox 2306 1446 2571 1525; x_wconf 76' lang='lat' dir='ltr'><strong>insistis,</strong></span> <span class='ocrx_word' id='word_1_84' title='bbox 2616 1489 2629 1505; x_wconf 93' lang='lat'><strong>.</strong></span> <span class='ocrx_word' id='word_1_85' title='bbox 2679 1489 2692 1504; x_wconf 94' lang='lat'><strong><em>.</em></strong></span> <span class='ocrx_word' id='word_1_86' title='bbox 2742 1494 2756 1510; x_wconf 90' lang='lat'><strong>.</strong></span> 
     </span>
     <span class='ocr_line' id='line_1_12' title="bbox 503 1539 741 1621; baseline -0.004 -16"><span class='ocrx_word' id='word_1_87' title='bbox 503 1539 741 1621; x_wconf 79' lang='lat' dir='ltr'><strong>faerit.</strong></span> 
     </span>
    </p>
   </div>
   <div class='ocr_carea' id='block_1_5' title="bbox 680 1658 2756 1867">
    <p class='ocr_par' dir='ltr' id='par_1_8' title="bbox 680 1658 2756 1867">
     <span class='ocr_line' id='line_1_13' title="bbox 680 1658 2016 1748; baseline 0.001 -24"><span class='ocrx_word' id='word_1_88' title='bbox 680 1661 736 1727; x_wconf 83' lang='lat'><strong>5.</strong></span> <span class='ocrx_word' id='word_1_89' title='bbox 782 1658 968 1745; x_wconf 87' lang='lat' dir='ltr'><strong>Oapt.</strong></span> <span class='ocrx_word' id='word_1_90' title='bbox 1010 1660 1101 1743; x_wconf 88' lang='lat' dir='ltr'><strong>II,</strong></span> <span class='ocrx_word' id='word_1_91' title='bbox 1143 1662 1203 1744; x_wconf 83' lang='lat'><strong>2,</strong></span> <span class='ocrx_word' id='word_1_92' title='bbox 1229 1662 1312 1728; x_wconf 81' lang='lat'><strong>59</strong></span> <span class='ocrx_word' id='word_1_93' title='bbox 1356 1664 1538 1748; x_wconf 80' lang='lat'>(306)</span> <span class='ocrx_word' id='word_1_94' title='bbox 1583 1664 1745 1728; x_wconf 87' lang='lat' dir='ltr'><strong>Brix</strong></span> <span class='ocrx_word' id='word_1_95' title='bbox 1790 1663 2016 1728; x_wconf 83' lang='lat' dir='ltr'><strong>edidit:</strong></span> 
     </span>
     <span class='ocr_line' id='line_1_14' title="bbox 700 1777 2756 1867; baseline 0.001 -26"><span class='ocrx_word' id='word_1_96' title='bbox 700 1777 903 1864; x_wconf 74' lang='lat' dir='ltr'><strong>Heqio</strong></span> <span class='ocrx_word' id='word_1_97' title='bbox 930 1779 1045 1845; x_wconf 82' lang='lat' dir='ltr'><strong>hoe</strong></span> <span class='ocrx_word' id='word_1_98' title='bbox 1071 1785 1130 1846; x_wconf 87' lang='lat' dir='ltr'><strong>te</strong></span> <span class='ocrx_word' id='word_1_99' title='bbox 1163 1783 1489 1866; x_wconf 80' lang='lat' dir='ltr'><strong>monitum,</strong></span> <span class='ocrx_word' id='word_1_100' title='bbox 1525 1784 1655 1847; x_wconf 80' lang='lat' dir='ltr'><strong>nisi</strong></span> <span class='ocrx_word' id='word_1_101' title='bbox 1669 1783 1854 1866; x_wconf 80' lang='lat' dir='ltr'><strong>forte</strong></span> <span class='ocrx_word' id='word_1_102' title='bbox 1888 1782 2025 1867; x_wconf 76' lang='lat' dir='ltr'><strong>ipse</strong></span> <span class='ocrx_word' id='word_1_103' title='bbox 2057 1802 2181 1846; x_wconf 75' lang='lat' dir='ltr'><strong>non</strong></span> <span class='ocrx_word' id='word_1_104' title='bbox 2213 1781 2334 1864; x_wconf 70' lang='lat' dir='ltr'><strong>vie,</strong></span> <span class='ocrx_word' id='word_1_105' title='bbox 2367 1783 2756 1848; x_wconf 78' lang='lat' dir='ltr'><strong>voluerim.</strong></span> 
     </span>
    </p>
   </div>
   <div class='ocr_carea' id='block_1_6' title="bbox 524 1899 2761 2291">
    <p class='ocr_par' dir='ltr' id='par_1_9' title="bbox 524 1899 2761 2291">
     <span class='ocr_line' id='line_1_15' title="bbox 694 1899 2759 1986; baseline 0.001 -23"><span class='ocrx_word' id='word_1_106' title='bbox 694 1899 874 1963; x_wconf 87' lang='lat' dir='ltr'><strong>Infra</strong></span> <span class='ocrx_word' id='word_1_107' title='bbox 930 1910 1308 1967; x_wconf 85' lang='lat' dir='ltr'><strong>contextum</strong></span> <span class='ocrx_word' id='word_1_108' title='bbox 1365 1903 1660 1968; x_wconf 84' lang='lat' dir='ltr'><strong>adnotat:</strong></span> <span class='ocrx_word' id='word_1_109' title='bbox 1747 1902 2060 1969; x_wconf 90' lang='lat' dir='ltr'><strong>voluerim</strong></span> <span class='ocrx_word' id='word_1_110' title='bbox 2109 1900 2421 1986; x_wconf 74' lang='lat' dir='ltr'><strong>potential</strong></span> <span class='ocrx_word' id='word_1_111' title='bbox 2471 1901 2596 1966; x_wconf 84' lang='lat' dir='ltr'><strong>wie</strong></span> <span class='ocrx_word' id='word_1_112' title='bbox 2650 1900 2759 1982; x_wconf 88' lang='lat'><strong>51,</strong></span> 
     </span>
     <span class='ocr_line' id='line_1_16' title="bbox 528 1998 2759 2089; baseline 0.002 -30"><span class='ocrx_word' id='word_1_113' title='bbox 528 1998 820 2063; x_wconf 90' lang='lat' dir='ltr'><strong>iusserim</strong></span> <span class='ocrx_word' id='word_1_114' title='bbox 863 2000 1016 2082; x_wconf 85' lang='lat'><em>597,</em></span> <span class='ocrx_word' id='word_1_115' title='bbox 1059 2000 1346 2065; x_wconf 84' lang='lat' dir='ltr'><strong>dederim</strong></span> <span class='ocrx_word' id='word_1_116' title='bbox 1392 2001 1586 2089; x_wconf 69' lang='lat' dir='ltr'><strong>Epid.</strong></span> <span class='ocrx_word' id='word_1_117' title='bbox 1632 2001 1732 2085; x_wconf 88' lang='lat' dir='ltr'><strong>II,</strong></span> <span class='ocrx_word' id='word_1_118' title='bbox 1774 2004 1843 2085; x_wconf 79' lang='lat'><strong>2,</strong></span> <span class='ocrx_word' id='word_1_119' title='bbox 1869 2002 1973 2069; x_wconf 80' lang='lat'><strong>73.</strong></span> <span class='ocrx_word' id='word_1_120' title='bbox 2058 1999 2183 2067; x_wconf 89' lang='lat' dir='ltr'><strong>Sed</strong></span> <span class='ocrx_word' id='word_1_121' title='bbox 2227 2024 2400 2066; x_wconf 87' lang='lat' dir='ltr'><strong>omn</strong></span> <span class='ocrx_word' id='word_1_122' title='bbox 2420 2024 2496 2066; x_wconf 90' lang='lat' dir='ltr'><strong>es</strong></span> <span class='ocrx_word' id='word_1_123' title='bbox 2539 2002 2759 2067; x_wconf 91' lang='lat' dir='ltr'><strong>codi-</strong></span> 
     </span>
     <span class='ocr_line' id='line_1_17' title="bbox 529 2100 2761 2190; baseline 0.003 -28"><span class='ocrx_word' id='word_1_124' title='bbox 529 2120 658 2164; x_wconf 93' lang='lat' dir='ltr'><strong>ces</strong></span> <span class='ocrx_word' id='word_1_125' title='bbox 700 2100 1044 2185; x_wconf 82' lang='lat' dir='ltr'><strong>praebent:</strong></span> <span class='ocrx_word' id='word_1_126' title='bbox 1086 2102 1434 2185; x_wconf 77' lang='lat' dir='ltr'><strong>volueram,</strong></span> <span class='ocrx_word' id='word_1_127' title='bbox 1476 2105 1543 2168; x_wconf 90' lang='lat' dir='ltr'><strong>in</strong></span> <span class='ocrx_word' id='word_1_128' title='bbox 1580 2103 1814 2190; x_wconf 90' lang='lat' dir='ltr'><strong>quibus</strong></span> <span class='ocrx_word' id='word_1_129' title='bbox 1846 2106 2039 2168; x_wconf 89' lang='lat' dir='ltr'><strong>etiam</strong></span> <span class='ocrx_word' id='word_1_130' title='bbox 2070 2104 2483 2168; x_wconf 88' lang='lat' dir='ltr'><strong>Britannicus</strong></span> <span class='ocrx_word' id='word_1_131' title='bbox 2522 2103 2645 2186; x_wconf 88' lang='lat' dir='ltr'>(J),</span> <span class='ocrx_word' id='word_1_132' title='bbox 2689 2114 2761 2168; x_wconf 93' lang='lat' dir='ltr'><strong>ut</strong></span> 
     </span>
     <span class='ocr_line' id='line_1_18' title="bbox 524 2200 1886 2291; baseline 0.007 -29"><span class='ocrx_word' id='word_1_133' title='bbox 524 2221 607 2263; x_wconf 87' lang='lat' dir='ltr'><strong>ex</strong></span> <span class='ocrx_word' id='word_1_134' title='bbox 650 2200 1170 2268; x_wconf 89' lang='lat' dir='ltr'><strong>Sonnenscheinii</strong></span> <span class='ocrx_word' id='word_1_135' title='bbox 1214 2203 1552 2270; x_wconf 90' lang='lat' dir='ltr'><strong>collatione</strong></span> <span class='ocrx_word' id='word_1_136' title='bbox 1597 2215 1886 2291; x_wconf 87' lang='lat' dir='ltr'><strong>apparet.</strong></span> 
     </span>
    </p>
   </div>
   <div class='ocr_carea' id='block_1_7' title="bbox 526 2310 2759 3121">
    <p class='ocr_par' dir='ltr' id='par_1_10' title="bbox 526 2310 2759 3121">
     <span class='ocr_line' id='line_1_19' title="bbox 692 2310 2757 2408; baseline 0 -23"><span class='ocrx_word' id='word_1_137' title='bbox 692 2321 837 2385; x_wconf 88' lang='lat' dir='ltr'><strong>Non</strong></span> <span class='ocrx_word' id='word_1_138' title='bbox 880 2320 947 2385; x_wconf 91' lang='lat' dir='ltr'><strong>id</strong></span> <span class='ocrx_word' id='word_1_139' title='bbox 992 2345 1232 2408; x_wconf 84' lang='lat' dir='ltr'><strong>preme,</strong></span> <span class='ocrx_word' id='word_1_140' title='bbox 1295 2324 1867 2389; x_wconf 89' lang='lat' dir='ltr'><strong>condicionale</strong></span> <span class='ocrx_word' id='word_1_141' title='bbox 1923 2346 2058 2388; x_wconf 91' lang='lat' dir='ltr'><strong>esse</strong></span> <span class='ocrx_word' id='word_1_142' title='bbox 2095 2310 2528 2388; x_wconf 73' lang='lat' dir='ltr'><strong>enuntiatum:</strong></span> <span class='ocrx_word' id='word_1_143' title='bbox 2608 2344 2757 2386; x_wconf 85' lang='lat' dir='ltr'><strong>nam</strong></span> 
     </span>
     <span class='ocr_line' id='line_1_20' title="bbox 526 2422 2755 2513; baseline 0.002 -29"><span class='ocrx_word' id='word_1_144' title='bbox 526 2422 653 2485; x_wconf 71' lang='lat' dir='ltr'><strong>nisi</strong></span> <span class='ocrx_word' id='word_1_145' title='bbox 676 2423 857 2504; x_wconf 79' lang='lat' dir='ltr'><strong>forte</strong></span> <span class='ocrx_word' id='word_1_146' title='bbox 897 2425 1035 2508; x_wconf 79' lang='lat' dir='ltr'><strong>ipse</strong></span> <span class='ocrx_word' id='word_1_147' title='bbox 1077 2446 1200 2490; x_wconf 77' lang='lat' dir='ltr'><strong>non</strong></span> <span class='ocrx_word' id='word_1_148' title='bbox 1232 2430 1334 2490; x_wconf 80' lang='lat' dir='ltr'><strong>vis</strong></span> <span class='ocrx_word' id='word_1_149' title='bbox 1370 2437 1465 2491; x_wconf 91' lang='lat' dir='ltr'><strong>est</strong></span> <span class='ocrx_word' id='word_1_150' title='bbox 1500 2427 1757 2491; x_wconf 86' lang='lat' dir='ltr'><strong>urbana</strong></span> <span class='ocrx_word' id='word_1_151' title='bbox 1793 2427 2111 2513; x_wconf 84' lang='lat' dir='ltr'><strong>quaedam</strong></span> <span class='ocrx_word' id='word_1_152' title='bbox 2155 2427 2372 2508; x_wconf 88' lang='lat' dir='ltr'><strong>dictio,</strong></span> <span class='ocrx_word' id='word_1_153' title='bbox 2415 2448 2581 2513; x_wconf 89' lang='lat' dir='ltr'><strong>quae</strong></span> <span class='ocrx_word' id='word_1_154' title='bbox 2617 2435 2755 2489; x_wconf 88' lang='lat' dir='ltr'><strong>tan-</strong></span> 
     </span>
     <span class='ocr_line' id='line_1_21' title="bbox 526 2523 2754 2612; baseline 0.002 -27"><span class='ocrx_word' id='word_1_155' title='bbox 526 2523 851 2589; x_wconf 84' lang='lat' dir='ltr'><strong>tummodo</strong></span> <span class='ocrx_word' id='word_1_156' title='bbox 895 2526 1081 2612; x_wconf 82' lang='lat' dir='ltr'><strong>quasi</strong></span> <span class='ocrx_word' id='word_1_157' title='bbox 1123 2526 1384 2592; x_wconf 89' lang='lat' dir='ltr'><strong>honoris</strong></span> <span class='ocrx_word' id='word_1_158' title='bbox 1428 2548 1630 2592; x_wconf 88' lang='lat' dir='ltr'><strong>causa</strong></span> <span class='ocrx_word' id='word_1_159' title='bbox 1673 2528 1973 2595; x_wconf 88' lang='lat' dir='ltr'><strong>adicitur.</strong></span> <span class='ocrx_word' id='word_1_160' title='bbox 2035 2528 2157 2595; x_wconf 88' lang='lat' dir='ltr'><strong>Sed</strong></span> <span class='ocrx_word' id='word_1_161' title='bbox 2202 2528 2560 2612; x_wconf 88' lang='lat' dir='ltr'><strong>quaeritur,</strong></span> <span class='ocrx_word' id='word_1_162' title='bbox 2598 2548 2754 2591; x_wconf 90' lang='lat' dir='ltr'><strong>num</strong></span> 
     </span>
     <span class='ocr_line' id='line_1_22' title="bbox 526 2624 2754 2712; baseline 0.002 -23"><span class='ocrx_word' id='word_1_163' title='bbox 526 2624 1221 2712; x_wconf 83' lang='lat' dir='ltr'><strong>plusquamperfectum</strong></span> <span class='ocrx_word' id='word_1_164' title='bbox 1259 2652 1385 2695; x_wconf 90' lang='lat' dir='ltr'><strong>uno</strong></span> <span class='ocrx_word' id='word_1_165' title='bbox 1419 2632 1700 2695; x_wconf 90' lang='lat' dir='ltr'><strong>omnium</strong></span> <span class='ocrx_word' id='word_1_166' title='bbox 1735 2629 2046 2695; x_wconf 85' lang='lat' dir='ltr'><strong>librorum</strong></span> <span class='ocrx_word' id='word_1_167' title='bbox 2091 2652 2399 2695; x_wconf 87' lang='lat' dir='ltr'><strong>consensu</strong></span> <span class='ocrx_word' id='word_1_168' title='bbox 2439 2628 2754 2693; x_wconf 87' lang='lat' dir='ltr'><strong>traditum</strong></span> 
     </span>
     <span class='ocr_line' id='line_1_23' title="bbox 526 2727 2758 2816; baseline 0.002 -26"><span class='ocrx_word' id='word_1_169' title='bbox 526 2727 686 2793; x_wconf 88' lang='lat' dir='ltr'><strong>adeo</strong></span> <span class='ocrx_word' id='word_1_170' title='bbox 730 2741 950 2795; x_wconf 89' lang='lat' dir='ltr'><strong>careat</strong></span> <span class='ocrx_word' id='word_1_171' title='bbox 988 2752 1147 2794; x_wconf 87' lang='lat' dir='ltr'><strong>sana</strong></span> <span class='ocrx_word' id='word_1_172' title='bbox 1189 2734 1525 2816; x_wconf 86' lang='lat' dir='ltr'><strong>sententia,</strong></span> <span class='ocrx_word' id='word_1_173' title='bbox 1569 2743 1641 2797; x_wconf 90' lang='lat' dir='ltr'><strong>ut</strong></span> <span class='ocrx_word' id='word_1_174' title='bbox 1684 2736 1955 2800; x_wconf 86' lang='lat' dir='ltr'><strong>mutatio</strong></span> <span class='ocrx_word' id='word_1_175' title='bbox 1999 2735 2081 2797; x_wconf 90' lang='lat' dir='ltr'><strong>sit</strong></span> <span class='ocrx_word' id='word_1_176' title='bbox 2122 2735 2500 2799; x_wconf 87' lang='lat' dir='ltr'><strong>necessaria.</strong></span> <span class='ocrx_word' id='word_1_177' title='bbox 2593 2730 2758 2796; x_wconf 84' lang='lat' dir='ltr'><strong>Con-</strong></span> 
     </span>
     <span class='ocr_line' id='line_1_24' title="bbox 528 2832 2759 2921; baseline 0.002 -30"><span class='ocrx_word' id='word_1_178' title='bbox 528 2837 659 2893; x_wconf 86' lang='lat' dir='ltr'><strong>stat</strong></span> <span class='ocrx_word' id='word_1_179' title='bbox 697 2852 848 2896; x_wconf 89' lang='lat' dir='ltr'><strong>vero</strong></span> <span class='ocrx_word' id='word_1_180' title='bbox 888 2840 1136 2898; x_wconf 88' lang='lat' dir='ltr'><strong>veteres</strong></span> <span class='ocrx_word' id='word_1_181' title='bbox 1174 2833 1867 2921; x_wconf 83' lang='lat' dir='ltr'><strong>plusquamperfectum</strong></span> <span class='ocrx_word' id='word_1_182' title='bbox 1904 2855 2380 2919; x_wconf 89' lang='lat' dir='ltr'><strong>nonnumquam</strong></span> <span class='ocrx_word' id='word_1_183' title='bbox 2415 2832 2550 2897; x_wconf 92' lang='lat' dir='ltr'><strong>loco</strong></span> <span class='ocrx_word' id='word_1_184' title='bbox 2588 2854 2630 2916; x_wconf 88' lang='lat' dir='ltr'><strong>p</strong></span> <span class='ocrx_word' id='word_1_185' title='bbox 2651 2853 2759 2895; x_wconf 89' lang='lat' dir='ltr'><strong>er-</strong></span> 
     </span>
     <span class='ocr_line' id='line_1_25' title="bbox 527 2928 2755 3023; baseline 0.003 -32"><span class='ocrx_word' id='word_1_186' title='bbox 527 2928 732 2993; x_wconf 89' lang='lat' dir='ltr'><strong>fecti</strong></span> <span class='ocrx_word' id='word_1_187' title='bbox 778 2930 909 2995; x_wconf 91' lang='lat' dir='ltr'><strong>vel</strong></span> <span class='ocrx_word' id='word_1_188' title='bbox 956 2933 1434 3018; x_wconf 88' lang='lat' dir='ltr'><strong>imperfecti</strong></span> <span class='ocrx_word' id='word_1_189' title='bbox 1484 2939 1921 3020; x_wconf 88' lang='lat' dir='ltr'><strong>usurpavisse,</strong></span> <span class='ocrx_word' id='word_1_190' title='bbox 1987 2958 2175 3023; x_wconf 92' lang='lat' dir='ltr'><strong>quem</strong></span> <span class='ocrx_word' id='word_1_191' title='bbox 2219 2958 2404 3000; x_wconf 90' lang='lat' dir='ltr'><strong>usum</strong></span> <span class='ocrx_word' id='word_1_192' title='bbox 2461 2936 2595 3020; x_wconf 88' lang='lat' dir='ltr'><strong>ipse</strong></span> <span class='ocrx_word' id='word_1_193' title='bbox 2653 2934 2755 2998; x_wconf 89' lang='lat' dir='ltr'><strong>vir</strong></span> 
     </span>
     <span class='ocr_line' id='line_1_26' title="bbox 527 3029 2756 3121; baseline 0.004 -29"><span class='ocrx_word' id='word_1_194' title='bbox 527 3029 753 3094; x_wconf 88' lang='lat' dir='ltr'><strong>doctus</strong></span> <span class='ocrx_word' id='word_1_195' title='bbox 799 3035 1094 3117; x_wconf 87' lang='lat' dir='ltr'><strong>exposuit</strong></span> <span class='ocrx_word' id='word_1_196' title='bbox 1130 3034 1212 3098; x_wconf 90' lang='lat' dir='ltr'><strong>ad</strong></span> <span class='ocrx_word' id='word_1_197' title='bbox 1249 3033 1435 3121; x_wconf 86' lang='lat' dir='ltr'><strong>Capt.</strong></span> <span class='ocrx_word' id='word_1_198' title='bbox 1480 3037 1640 3121; x_wconf 87' lang='lat' dir='ltr'><strong>prol.</strong></span> <span class='ocrx_word' id='word_1_199' title='bbox 1678 3061 1739 3104; x_wconf 91' lang='lat' dir='ltr'><strong>v.</strong></span> <span class='ocrx_word' id='word_1_200' title='bbox 1787 3041 1863 3102; x_wconf 75' lang='lat'><strong>17</strong></span> <span class='ocrx_word' id='word_1_201' title='bbox 1904 3038 2223 3119; x_wconf 72' lang='lat' dir='ltr'><strong>(dixeram</strong></span> <span class='ocrx_word' id='word_1_202' title='bbox 2249 3062 2329 3094; x_wconf 92' lang='lat'><strong><em>=</em></strong></span> <span class='ocrx_word' id='word_1_203' title='bbox 2352 3036 2546 3117; x_wconf 77' lang='lat' dir='ltr'><strong><em>dixi);</em></strong></span> <span class='ocrx_word' id='word_1_204' title='bbox 2590 3033 2756 3100; x_wconf 89' lang='lat' dir='ltr'><strong>conf.</strong></span> 
     </span>
    </p>
   </div>
   <div class='ocr_carea' id='block_1_8' title="bbox 528 3132 2877 3222">
    <p class='ocr_par' dir='ltr' id='par_1_11' title="bbox 528 3132 2877 3222">
     <span class='ocr_line' id='line_1_27' title="bbox 528 3132 2877 3222; baseline 0 -25"><span class='ocrx_word' id='word_1_205' title='bbox 528 3132 727 3217; x_wconf 89' lang='lat' dir='ltr'><strong>ipsius</strong></span> <span class='ocrx_word' id='word_1_206' title='bbox 788 3132 1208 3219; x_wconf 84' lang='lat' dir='ltr'><strong>Captivorum</strong></span> <span class='ocrx_word' id='word_1_207' title='bbox 1265 3161 1325 3202; x_wconf 86' lang='lat' dir='ltr'><strong>v.</strong></span> <span class='ocrx_word' id='word_1_208' title='bbox 1388 3137 1508 3202; x_wconf 85' lang='lat'><strong>938</strong></span> <span class='ocrx_word' id='word_1_209' title='bbox 1576 3138 2035 3222; x_wconf 76' lang='lat' dir='ltr'><strong>(reliqueram).</strong></span> <span class='ocrx_word' id='word_1_210' title='bbox 2122 3136 2632 3222; x_wconf 86' lang='lat' dir='ltr'><strong>Plusquamperf.</strong></span> <span class='ocrx_word' id='word_1_211' title='bbox 2695 3144 2758 3198; x_wconf 90' lang='lat' dir='ltr'><strong>et</strong></span> <span class='ocrx_word' id='word_1_212' title='bbox 2874 3192 2877 3196; x_wconf 85' lang='lat'><strong>.</strong></span> 
     </span>
    </p>
   </div>
   <div class='ocr_carea' id='block_1_9' title="bbox 527 3233 2758 3831">
    <p class='ocr_par' dir='ltr' id='par_1_12' title="bbox 527 3233 2758 3831">
     <span class='ocr_line' id='line_1_28' title="bbox 531 3233 2757 3324; baseline 0.002 -30"><span class='ocrx_word' id='word_1_213' title='bbox 531 3233 777 3317; x_wconf 85' lang='lat' dir='ltr'><strong>imperf.</strong></span> <span class='ocrx_word' id='word_1_214' title='bbox 825 3238 1182 3321; x_wconf 90' lang='lat' dir='ltr'><strong>promiscue</strong></span> <span class='ocrx_word' id='word_1_215' title='bbox 1227 3240 1435 3324; x_wconf 87' lang='lat' dir='ltr'><strong>posita</strong></span> <span class='ocrx_word' id='word_1_216' title='bbox 1479 3250 1630 3304; x_wconf 89' lang='lat' dir='ltr'><strong>sunt</strong></span> <span class='ocrx_word' id='word_1_217' title='bbox 1673 3241 1848 3304; x_wconf 88' lang='lat' dir='ltr'><strong>Asin.</strong></span> <span class='ocrx_word' id='word_1_218' title='bbox 1890 3240 2043 3303; x_wconf 78' lang='lat'>212:</span> <span class='ocrx_word' id='word_1_219' title='bbox 2088 3239 2253 3322; x_wconf 76' lang='lat' dir='ltr'><strong>quod</strong></span> <span class='ocrx_word' id='word_1_220' title='bbox 2289 3259 2395 3323; x_wconf 74' lang='lat' dir='ltr'><strong>eqo</strong></span> <span class='ocrx_word' id='word_1_221' title='bbox 2438 3240 2757 3302; x_wconf 75' lang='lat' dir='ltr'><strong>iusseram</strong></span> 
     </span>
     <span class='ocr_line' id='line_1_29' title="bbox 528 3336 2758 3425; baseline 0 -27"><span class='ocrx_word' id='word_1_222' title='bbox 528 3354 606 3399; x_wconf 84' lang='lat' dir='ltr'><strong>ae</strong></span> <span class='ocrx_word' id='word_1_223' title='bbox 659 3336 1076 3403; x_wconf 74' lang='lat' dir='ltr'><strong>volueram</strong></span> <span class='ocrx_word' id='word_1_224' title='bbox 1116 3339 1497 3421; x_wconf 73' lang='lat' dir='ltr'><strong>faciebatis:</strong></span> <span class='ocrx_word' id='word_1_225' title='bbox 1558 3341 1724 3425; x_wconf 79' lang='lat' dir='ltr'><strong>quod</strong></span> <span class='ocrx_word' id='word_1_226' title='bbox 1781 3341 2139 3405; x_wconf 76' lang='lat' dir='ltr'><strong>nolebam</strong></span> <span class='ocrx_word' id='word_1_227' title='bbox 2196 3360 2271 3403; x_wconf 82' lang='lat' dir='ltr'><strong>ac</strong></span> <span class='ocrx_word' id='word_1_228' title='bbox 2335 3344 2758 3403; x_wconf 82' lang='lat' dir='ltr'><strong>votaeram</strong></span> 
     </span>
     <span class='ocr_line' id='line_1_30' title="bbox 527 3439 2757 3526; baseline 0 -26"><span class='ocrx_word' id='word_1_229' title='bbox 527 3459 578 3503; x_wconf 78' lang='lat' dir='ltr'><strong>e,</strong></span> <span class='ocrx_word' id='word_1_230' title='bbox 627 3460 684 3522; x_wconf 92' lang='lat' dir='ltr'><strong>q.</strong></span> <span class='ocrx_word' id='word_1_231' title='bbox 729 3461 776 3505; x_wconf 87' lang='lat' dir='ltr'><strong>s.</strong></span> <span class='ocrx_word' id='word_1_232' title='bbox 858 3439 1089 3506; x_wconf 87' lang='lat' dir='ltr'><strong>Nostro</strong></span> <span class='ocrx_word' id='word_1_233' title='bbox 1136 3453 1358 3507; x_wconf 90' lang='lat' dir='ltr'><strong>autem</strong></span> <span class='ocrx_word' id='word_1_234' title='bbox 1401 3443 1538 3509; x_wconf 92' lang='lat' dir='ltr'><strong>loco</strong></span> <span class='ocrx_word' id='word_1_235' title='bbox 1583 3444 1911 3509; x_wconf 76' lang='lat' dir='ltr'><strong>volueram</strong></span> <span class='ocrx_word' id='word_1_236' title='bbox 1936 3469 2014 3500; x_wconf 86' lang='lat'><strong>=</strong></span> <span class='ocrx_word' id='word_1_237' title='bbox 2040 3443 2318 3508; x_wconf 80' lang='lat' dir='ltr'><strong>volebam</strong></span> <span class='ocrx_word' id='word_1_238' title='bbox 2362 3462 2477 3526; x_wconf 85' lang='lat' dir='ltr'><strong>pro</strong></span> <span class='ocrx_word' id='word_1_239' title='bbox 2524 3459 2757 3524; x_wconf 92' lang='lat' dir='ltr'><strong>prae-</strong></span> 
     </span>
     <span class='ocr_line' id='line_1_31' title="bbox 528 3538 2757 3629; baseline 0 -27"><span class='ocrx_word' id='word_1_240' title='bbox 528 3540 750 3603; x_wconf 89' lang='lat' dir='ltr'><strong>senti</strong></span> <span class='ocrx_word' id='word_1_241' title='bbox 795 3538 1013 3603; x_wconf 88' lang='lat' dir='ltr'><strong>eodem</strong></span> <span class='ocrx_word' id='word_1_242' title='bbox 1046 3543 1232 3608; x_wconf 91' lang='lat' dir='ltr'><strong>modo</strong></span> <span class='ocrx_word' id='word_1_243' title='bbox 1263 3545 1540 3629; x_wconf 90' lang='lat' dir='ltr'><strong>positum</strong></span> <span class='ocrx_word' id='word_1_244' title='bbox 1577 3554 1692 3626; x_wconf 87' lang='lat' dir='ltr'><strong>est,</strong></span> <span class='ocrx_word' id='word_1_245' title='bbox 1735 3546 1900 3609; x_wconf 88' lang='lat' dir='ltr'><strong>sicut</strong></span> <span class='ocrx_word' id='word_1_246' title='bbox 1937 3554 1999 3609; x_wconf 89' lang='lat' dir='ltr'><strong>et</strong></span> <span class='ocrx_word' id='word_1_247' title='bbox 2027 3566 2161 3625; x_wconf 76' lang='lat' dir='ltr'><strong>nOS,</strong></span> <span class='ocrx_word' id='word_1_248' title='bbox 2204 3543 2578 3628; x_wconf 89' lang='lat' dir='ltr'><strong>priusquam</strong></span> <span class='ocrx_word' id='word_1_249' title='bbox 2624 3561 2757 3603; x_wconf 91' lang='lat' dir='ltr'><strong>rem</strong></span> 
     </span>
     <span class='ocr_line' id='line_1_32' title="bbox 536 3640 2758 3727; baseline 0.001 -26"><span class='ocrx_word' id='word_1_250' title='bbox 536 3641 739 3725; x_wconf 88' lang='lat' dir='ltr'><strong>ipsam</strong></span> <span class='ocrx_word' id='word_1_251' title='bbox 784 3641 1191 3727; x_wconf 86' lang='lat' dir='ltr'><strong>proferimus,</strong></span> <span class='ocrx_word' id='word_1_252' title='bbox 1235 3645 1536 3710; x_wconf 83' lang='lat' dir='ltr'><strong>dicimus:</strong></span> <span class='ocrx_word' id='word_1_253' title='bbox 1611 3646 1768 3710; x_wconf 76' lang='lat' dir='ltr'><strong>noch</strong></span> <span class='ocrx_word' id='word_1_254' title='bbox 1812 3648 1945 3710; x_wconf 78' lang='lat' dir='ltr'><strong>eins</strong></span> <span class='ocrx_word' id='word_1_255' title='bbox 1987 3645 2254 3710; x_wconf 76' lang='lat' dir='ltr'><strong>wollte</strong></span> <span class='ocrx_word' id='word_1_256' title='bbox 2296 3644 2409 3727; x_wconf 88' lang='lat'><strong>(=</strong></span> <span class='ocrx_word' id='word_1_257' title='bbox 2451 3641 2615 3724; x_wconf 77' lang='lat' dir='ltr'><strong>will)</strong></span> <span class='ocrx_word' id='word_1_258' title='bbox 2658 3640 2758 3705; x_wconf 79' lang='lat' dir='ltr'><strong>ich</strong></span> 
     </span>
     <span class='ocr_line' id='line_1_33' title="bbox 535 3742 2754 3831; baseline 0 -24"><span class='ocrx_word' id='word_1_259' title='bbox 535 3743 637 3807; x_wconf 76' lang='lat' dir='ltr'><strong>dir</strong></span> <span class='ocrx_word' id='word_1_260' title='bbox 680 3762 894 3826; x_wconf 73' lang='lat' dir='ltr'><strong>sayen.</strong></span> <span class='ocrx_word' id='word_1_261' title='bbox 940 3743 1025 3808; x_wconf 88' lang='lat' dir='ltr'><strong>Et</strong></span> <span class='ocrx_word' id='word_1_262' title='bbox 1067 3746 1202 3831; x_wconf 91' lang='lat' dir='ltr'><strong>ipse</strong></span> <span class='ocrx_word' id='word_1_263' title='bbox 1249 3745 1541 3828; x_wconf 88' lang='lat' dir='ltr'><strong>Plautus,</strong></span> <span class='ocrx_word' id='word_1_264' title='bbox 1586 3755 1659 3810; x_wconf 90' lang='lat' dir='ltr'><strong>ut</strong></span> <span class='ocrx_word' id='word_1_265' title='bbox 1705 3746 2057 3811; x_wconf 88' lang='lat' dir='ltr'><strong>rectissime</strong></span> <span class='ocrx_word' id='word_1_266' title='bbox 2083 3743 2493 3810; x_wconf 86' lang='lat' dir='ltr'><strong>Rothheimer</strong></span> <span class='ocrx_word' id='word_1_267' title='bbox 2530 3742 2572 3808; x_wconf 89' lang='lat'><strong>1.</strong></span> <span class='ocrx_word' id='word_1_268' title='bbox 2617 3764 2663 3804; x_wconf 91' lang='lat' dir='ltr'><strong>s.</strong></span> <span class='ocrx_word' id='word_1_269' title='bbox 2707 3762 2754 3808; x_wconf 90' lang='lat' dir='ltr'><strong>s.</strong></span> 
     </span>
    </p>
   </div>
   <div class='ocr_carea' id='block_1_10' title="bbox 530 3915 783 3923">
    <p class='ocr_par' dir='ltr' id='par_1_13' title="bbox 530 3915 783 3923">
     <span class='ocr_line' id='line_1_34' title="bbox 530 3915 783 3923; baseline 0 0"><span class='ocrx_word' id='word_1_270' title='bbox 530 3915 783 3923; x_wconf 95' lang='lat' dir='ltr'><strong> </strong></span> 
     </span>
    </p>
   </div>
   <div class='ocr_carea' id='block_1_11' title="bbox 785 3914 1036 3922">
    <p class='ocr_par' dir='ltr' id='par_1_14' title="bbox 785 3914 1036 3922">
     <span class='ocr_line' id='line_1_35' title="bbox 785 3914 1036 3922; baseline 0 0"><span class='ocrx_word' id='word_1_271' title='bbox 785 3914 1036 3922; x_wconf 95' lang='lat' dir='ltr'><strong> </strong></span> 
     </span>
    </p>
   </div>
   <div class='ocr_carea' id='block_1_12' title="bbox 532 4013 2754 4154">
    <p class='ocr_par' dir='ltr' id='par_1_15' title="bbox 532 4013 2754 4154">
     <span class='ocr_line' id='line_1_36' title="bbox 710 4013 2754 4079; baseline 0.001 -17"><span class='ocrx_word' id='word_1_272' title='bbox 710 4013 753 4075; x_wconf 89' lang='lat'><strong>¹)</strong></span> <span class='ocrx_word' id='word_1_273' title='bbox 790 4013 930 4063; x_wconf 83' lang='lat' dir='ltr'><strong>Oonf.</strong></span> <span class='ocrx_word' id='word_1_274' title='bbox 971 4015 1158 4064; x_wconf 85' lang='lat' dir='ltr'><strong>Lorenz</strong></span> <span class='ocrx_word' id='word_1_275' title='bbox 1198 4015 1259 4063; x_wconf 81' lang='lat' dir='ltr'><strong>ad</strong></span> <span class='ocrx_word' id='word_1_276' title='bbox 1298 4016 1475 4066; x_wconf 85' lang='lat' dir='ltr'><strong>Pseud.</strong></span> <span class='ocrx_word' id='word_1_277' title='bbox 1517 4034 1560 4064; x_wconf 87' lang='lat' dir='ltr'><strong>v.</strong></span> <span class='ocrx_word' id='word_1_278' title='bbox 1600 4019 1700 4067; x_wconf 89' lang='grc'><strong>630</strong></span> <span class='ocrx_word' id='word_1_279' title='bbox 1739 4018 1797 4079; x_wconf 83' lang='lat' dir='ltr'><strong>R,</strong></span> <span class='ocrx_word' id='word_1_280' title='bbox 1858 4018 2030 4069; x_wconf 85' lang='lat' dir='ltr'><strong>Most.¹</strong></span> <span class='ocrx_word' id='word_1_281' title='bbox 2074 4021 2199 4078; x_wconf 74' lang='lat'><strong>2263</strong></span> <span class='ocrx_word' id='word_1_282' title='bbox 2266 4019 2510 4069; x_wconf 71' lang='lat' dir='ltr'><strong>Metssner</strong></span> <span class='ocrx_word' id='word_1_283' title='bbox 2547 4017 2610 4068; x_wconf 82' lang='lat' dir='ltr'><strong>ad</strong></span> <span class='ocrx_word' id='word_1_284' title='bbox 2646 4020 2754 4070; x_wconf 82' lang='lat' dir='ltr'><strong>Ter.</strong></span> 
     </span>
     <span class='ocr_line' id='line_1_37' title="bbox 532 4101 935 4154; baseline 0.015 -6"><span class='ocrx_word' id='word_1_285' title='bbox 532 4101 686 4154; x_wconf 76' lang='lat' dir='ltr'><strong>Andr.</strong></span> <span class='ocrx_word' id='word_1_286' title='bbox 726 4117 776 4151; x_wconf 85' lang='lat' dir='ltr'><strong>v.</strong></span> <span class='ocrx_word' id='word_1_287' title='bbox 816 4104 935 4154; x_wconf 80' lang='lat'><strong>683.</strong></span> 
     </span>
    </p>
   </div>
  </div>
 </body>
</html>
