3116 4790
1467 368 1508 433 3

364 571 481 638 das
515 567 984 654 praesentis-che
1023 567 1298 651 Perfeci,
1342 569 1491 635 aber
1533 573 1677 633 tam
1694 571 1795 632 im
1820 570 1953 651 fich·
1995 569 2111 634 den
2159 568 2532 639 Potentialis
2551 574 2595 652 ¹)

358 672 615 750 futuri).
715 670 887 735 Illud
944 693 1097 736 vero
1166 671 1507 736 discrimen
1584 673 1752 736 inter
1818 694 2017 739 vera
2079 674 2468 757 perfecta
2536 687 2599 742 et

365 773 787 838 historica
832 773 1260 857 praeterita
1303 772 1707 837 intercedens
1737 774 2073 839 evanuisse
2100 783 2313 838 censet
2353 777 2418 839 iu
2465 785 2594 842 toto

365 874 794 938 indicativo
855 873 1040 939 modo
1102 883 1166 939 et
1222 876 1288 938 in
1348 876 1742 942 coniunctivi
1798 877 2016 941 formis
2061 898 2177 962 per
2232 897 2269 940 r
2313 877 2593 943 litteram

363 975 549 1056 fictis,
611 976 705 1038 ita
748 984 822 1038 ut
862 973 989 1038 hae
1032 975 1344 1058 pleniores
1394 978 1460 1038 in
1501 977 1687 1040 -erz'm
1729 977 1975 1041 formae
2019 986 2357 1064 utramque
2399 981 2590 1065 signi-

361 1076 722 1142 ficationem
783 1080 872 1158 (et
914 1074 1183 1161 perfecti
1242 1085 1306 1140 et
1349 1075 1637 1140 historici
1695 1079 2054 1162 praeteriti)
2106 1079 2594 1165 complectentes

365 1179 828 1243 adhiberentur
893 1177 977 1241 ad
1042 1200 1144 1241 res
1205 1187 1268 1242 et
1321 1178 1576 1243 futuras
1649 1188 1711 1243 et
1762 1179 2145 1264 praeteritas
2207 1182 2596 1266 cogitatione

362 1289 650 1366 sumptas
718 1278 1169 1364 significandas
1189 1277 1257 1360 2).
1369 1278 1608 1344 Contra
1684 1280 1919 1344 formas
1998 1282 2066 1343 in
2129 1281 2277 1345 -sim
2348 1305 2595 1369 semper

363 1381 699 1446 retinuisse
741 1380 941 1444 solam
986 1377 1271 1443 historici
1316 1382 1617 1467 temporis
1663 1381 1943 1464 (aoristi)
1990 1383 2325 1451 notionem.

528 1481 1321 1563 ‘Semasiologicam'
1381 1489 1803 1567 utrarumque
1858 1482 2210 1546 formarum
2274 1484 2594 1548 notionem

362 1583 691 1649 Luebbert
750 1582 1005 1667 penitus
1050 1582 1380 1665 perspexit
1425 1590 1489 1644 et
1545 1581 1958 1646 subtilissime
2005 1582 2404 1667 explanavit,
2446 1583 2595 1649 licet

360 1684 787 1770 etymologica
831 1681 1171 1767 explicatio
1217 1683 1301 1747 ab
1344 1704 1417 1748 eo
1466 1683 1724 1767 prolata
1770 1694 1942 1748 stare
1986 1693 2264 1770 nequeat
2283 1683 2350 1763 3).

528 1785 804 1850 Formae
863 1785 1028 1848 enim
1088 1783 1308 1868 quales
1367 1792 1515 1848 sunt
1576 1783 1725 1848 olixo
1768 1785 1943 1866 saxo
2006 1805 2225 1869 capso·
2265 1794 2328 1850 et
2392 1784 2592 1848 diatim

341 1882 570 1965 faoeim
631 1885 873 1968 capsim
933 1883 1234 1948 videntur
1299 1905 1434 1947 esse
1498 1886 2031 1951 coniunctivi
2090 1896 2152 1951 et
2215 1887 2590 1971 optativi

358 1985 615 2069 pristini
644 1986 864 2050 aoristi
891 1986 1209 2069 sigmatici
1230 1984 1297 2065 ²²).
1345 1985 1480 2050 Nec
1516 1987 1743 2070 negari
1771 1996 1982 2071 potest
2010 2009 2155 2051 cum
2189 1987 2314 2052 hac
2343 1988 2592 2052 ratione

532 2201 572 2261 1)
609 2202 859 2253 Luebbert
895 2216 1073 2253 nomen
1112 2205 1246 2265 quod
1283 2208 1360 2255 est
1413 2203 1867 2256 ‘Petentialis
1912 2205 2085 2254 futuri’
2121 2205 2311 2266 accipit
2361 2205 2463 2254 fere
2497 2217 2587 2266 pro

363 2292 683 2341 coniunctivo
721 2291 870 2340 modo
909 2292 1086 2341 futuri.

527 2376 570 2437 2)
608 2377 717 2437 Quo
756 2379 943 2430 factum
981 2384 1073 2443 est,
1114 2383 1169 2427 ut
1205 2380 1260 2427 in
1301 2378 1606 2441 quibusdam
1644 2379 1911 2428 structuris
1958 2381 2108 2429 etiam
2145 2379 2209 2428 ad
2245 2377 2590 2443 ‘praeteritum

356 2466 412 2514 in
448 2467 628 2515 futuro’
667 2467 966 2527 signandum
1002 2468 1058 2524 (i.
1098 2481 1140 2516 e.
1179 2480 1268 2528 pro
1291 2468 1619 2517 coniunctivo
1658 2467 1817 2516 futuri
1846 2471 2027 2527 exacti)
2055 2473 2431 2532 usurparentur.
2482 2466 2592 2525 Qua

355 2566 408 2600 re
444 2558 718 2603 commotus
755 2554 1031 2614 Madvig
1087 2552 1280 2617 (opusc.
1317 2554 1456 2605 acad.
1499 2556 1599 2612 alt„
1640 2555 1871 2603 Hauniae
1914 2557 2045 2604 1842
2080 2568 2131 2617 Ρ.
2167 2556 2235 2604 60
2272 2567 2345 2615 sq.
2382 2553 2473 2617 99)
2508 2568 2590 2603 eas

355 2641 537 2689 formas
573 2655 746 2703 reapse
782 2655 893 2691 esse
930 2643 1277 2691 coniunctivos
1316 2643 1474 2692 futuri
1525 2642 1691 2691 exacti
1738 2642 1841 2690 sibi
1879 2644 2151 2705 persuasit.
2225 2641 2398 2691 Simili
2434 2642 2585 2692 modo

353 2727 536 2776 formas
566 2730 692 2791 faxo
714 2729 870 2792 simil.
906 2734 956 2777 et
985 2731 1158 2792 faxim
1190 2729 1345 2777 simil.
1375 2728 1679 2777 indicativus
1703 2734 1752 2777 et
1779 2730 2128 2777 coniunctivos
2152 2729 2312 2777 futuri
2338 2729 2589 2789 simplicis

352 2814 557 2870 (Graeco
595 2816 762 2862 futuro
800 2815 856 2862 in
891 2818 1063 2861 -σω
1093 2814 1462 2876 respondentis)
1499 2827 1608 2863 esse
1643 2816 1857 2875 putavit.
1929 2813 2088 2872 Quam
2117 2817 2362 2864 rationem
2399 2816 2589 2864 refuta-

354 2907 532 2949 verunt
567 2901 627 2951 G.
667 2901 983 2950 Hermannus
1021 2902 1120 2961 (De
1158 2902 1323 2950 Madv.
1359 2903 1770 2964 interpretatione
1807 2902 2115 2965 quarundam
2154 2903 2294 2950 verbi
2332 2903 2442 2952 Lat.
2483 2904 2586 2951 for-

353 3000 560 3048 marum,
601 2989 746 3049 Lips.
791 2986 946 3050 1842)
985 2993 1034 3036 et
1071 2989 1128 3036 G.
1167 2988 1370 3038 Curtius
1418 2989 1610 3050 (Temp.
1650 3003 1696 3037 n.
1733 2989 1870 3040 Modi
1907 3004 1953 3051 p.
1992 2992 2111 3038 34⁴.
2148 2989 2289 3052 355).
2377 2990 2588 3039 Secutus

353 3080 430 3125 est
454 3075 764 3136 Madvigium
791 3076 955 3124 Lore
975 3090 1065 3138 nz,
1102 3076 1192 3135 qui
1229 3075 1291 3123 ad
1316 3075 1495 3125 Μοειι.2
1534 3074 1718 3142 (1883)
1758 3093 1803 3127 v.
1829 3080 1930 3124 252
1957 3077 2192 3127 adnotat:
2232 3077 2587 3128 ne—dixeris

351 3160 534 3212 ‘demit
583 3162 656 3212 du
705 3164 854 3213 nieht
900 3164 1206 3226 yesproehen
1252 3165 1420 3213 haben
1471 3165 1638 3213 sollst'
1690 3166 1808 3213 Fut.
1844 3180 1914 3215 ex.
1956 3166 2121 3223 Coni„
2157 3199 2170 3215 .
2212 3197 2222 3208 ·
2264 3200 2278 3215 .
2330 3164 2583 3227 (Madviy.

351 3251 575 3301 Gramm.
613 3252 657 3309 5.
695 3253 807 3311 379,
843 3250 918 3315 α).

525 3335 573 3395 3)
610 3337 747 3387 Vide
769 3338 1032 3400 Westphal
1059 3339 1090 3386 1.
1128 3352 1168 3387 s.
1205 3352 1244 3387 s.
1283 3352 1331 3399 Ρ.
1370 3338 1474 3386 300
1509 3352 1599 3402 sq„
1640 3338 1925 3399 Bragmann
1961 3339 1994 3387 1.
2032 3352 2071 3388 ε.
2107 3352 2146 3386 s.
2183 3354 2233 3402 p.
2260 3340 2343 3388 36.
2383 3342 2465 3388 39.
2503 3342 2586 3390 73.

523 3424 571 3487 ⁴)
609 3423 810 3475 Primus
834 3426 1121 3486 Brugmann
1161 3426 1194 3474 1.
1232 3439 1269 3473 s.
1310 3439 1348 3474 s.
1388 3427 1443 3474 in
1481 3426 1608 3475 hanc
1632 3425 1936 3474 sententiam
1960 3425 2240 3487 iudicavit3
2280 3429 2439 3476 secuti
2467 3432 2585 3476 sunt

347 3528 393 3563 e.
418 3528 466 3574 g.
490 3514 720 3577 Mamm,
758 3514 925 3563 Kuhn.
950 3515 1143 3577 ephem.
1169 3514 1344 3563 XXVI
1370 3516 1469 3563 568
1499 3516 1606 3574 (qui
1631 3519 1796 3562 tamen
1824 3515 1975 3561 etiam
2002 3512 2197 3561 dixer
2218 3524 2246 3560 ο
2284 3512 2399 3560 dix
2420 3516 2583 3562 erim

347 3603 503 3652 simil.
556 3603 798 3664 primitus
853 3615 1019 3650 veram
1069 3602 1250 3651 aoristi
1301 3606 1532 3650 naturam
1584 3601 1820 3649 habuisse
1858 3597 2067 3659 censet),
2105 3599 2152 3648 J.
2189 3598 2420 3649 Schmidt
2456 3599 2582 3649 ibid.

345 3687 540 3737 XXVII
566 3690 686 3746 327,
720 3687 949 3751 Rstolz,
987 3682 1465 3739 Zur'lat.Verbalfl.
1503 3690 1526 3737 1
1563 3703 1611 3749 Ρ.
1650 3691 1716 3737 30
1754 3702 1828 3752 sq.
1866 3689 1965 3747 (9.)‚
2007 3686 2224 3749 Osthoff‚
2263 3688 2363 3735 Zur
2400 3686 2581 3737 Geseh.

347 3774 395 3825 d.
421 3777 550 3825 Pers.
589 3777 627 3827 i.
668 3775 954 3837 Indogerm.
988 3790 1036 3838 p.
1074 3778 1193 3825 215.
1222 3800 1288 3811 —
1319 3778 1610 3836 Ambigitur
1648 3776 1709 3824 de
1746 3778 1941 3837 origine
1981 3776 2251 3824 formarum
2285 3774 2350 3822 ad
2388 3788 2581 3823 voca-

346 3864 508 3911 lium
546 3864 734 3925 stirpes
759 3864 1120 3924 pertinentium
1141 3865 1278 3913 velut
1295 3866 1546 3912 amussim
1570 3864 1793 3913 lice-ssim
1817 3863 1978 3911 simil.
2031 3860 2174 3911 Gonf.
2199 3861 2403 3922 Brugm.
2426 3877 2475 3924 p.
2497 3865 2581 3927 39,

345 3951 544 3999 Osthofl'
585 3967 635 4014 p.
672 3952 790 4009 221,
830 3953 948 4012 549,
1003 3951 1327 4012 Thurneysen
1376 3954 1429 3999 in
1482 3952 1723 4000 Bezzenb.
1762 3950 2021 4000 Beitr.1X
2076 3952 2196 4012 276,
2246 3950 2299 3999 F.
2338 3950 2472 3999 Stolz
2525 3954 2579 4000 in

347 4037 640 4086 ‘Handbuch
668 4037 714 4088 d.
746 4038 899 4085 klass.
929 4038 1283 4087 Altertumsw.‘
1310 4040 1358 4085 11
1385 4035 1565 4097 (1885)
1591 4039 1633 4096 §-
1670 4040 1781 4087 110.
1838 4037 2025 4098 Utique
2050 4038 2136 4083 hac
2161 4078 2167 4083 .
2195 4038 2380 4085 formae
2408 4039 2578 4087 eadem

282 4129 287 4132 '
346 4124 628 4188 syntecticis
668 4126 718 4171 vi
759 4129 876 4171 sunt
911 4123 1353 4184 praeditae.atqne
1390 4140 1436 4171 v,
1475 4140 1517 4174 c.
1549 4125 1737 4185 faxim.

2106 4205 2179 4274 1*
