3116 4790
1346 361 1513 439 *85

1107 794 1830 896 Argumentum.

361 1018 689 1075 Praefatio
731 1025 820 1069 1—
834 1025 880 1074 7.

362 1108 563 1176 Caput
596 1104 898 1176 primum:
957 1110 1035 1158 De
1073 1111 1244 1158 formis
1281 1122 1370 1171 per
1406 1127 1428 1160 8
1468 1111 1688 1159 litteram
1727 1112 1858 1160 fletis
1897 1115 2083 1161 8—15.

473 1183 535 1299 33.
569 1182 626 1297 ¹1¹2.
660 1180 943 1298 ἶὲἶὲῖῖἶὶἶί
975 1181 1710 1301 3332¹1¹222⁸1121113³0.⁰⁰1¹¹1‘¹E¹55¹¹⁰
1747 1196 1844 1230 ¹¹⁰⁰
1881 1183 2136 1232 “¹⁸‘¹¹⁰‘¹⁸
2178 1185 2379 1268 ⁷‘¹¹‹

365 1336 571 1405 Caput
605 1334 907 1389 alterum:
964 1338 1040 1386 De
1077 1339 1227 1385 activi
1262 1341 1455 1397 generis
1490 1340 1699 1401 perfecti
1737 1341 2056 1389 coniunctivo
2110 1341 2279 1389 littera
2314 1354 2340 1386 r
2374 1341 2488 1387 sscto
2526 1344 2577 1388 et

501 1409 561 1458 de
595 1409 789 1471 passivi
823 1409 1034 1472 perfecti
1072 1410 1390 1457 coniunctivo
1433 1412 1658 1459 15—77.

474 1482 533 1528 A.
572 1480 657 1528 De
692 1480 1034 1540 ‘perfecto
1072 1478 1316 1539 logico’
1362 1483 1577 1527 15-21.

520 1552 560 1598 Ῑ.
598 1550 674 1597 De
711 1550 980 1598 sententiis
1017 1548 1265 1597 absolutis
1311 1550 1530 1598 16—19.

509 1621 572 1668 11.
608 1620 681 1668 De
716 1621 982 1669 sententiis
1019 1618 1451 1670 condicionalibus
1499 1623 1716 1670 19—21.

480 1692 538 1739 Β.
575 1690 647 1738 De
687 1689 1007 1750 ‘perfecti
1059 1689 1398 1739 historici’
1435 1693 1881 1739 coniunctivo
1931 1691 2318 1751 potentiali
2356 1691 2576 1738 21-77.

445 1762 486 1818 5.
531 1765 571 1808 1.
610 1759 861 1818 Quaedam
897 1760 1289 1822 praemittuntur
1326 1762 1547 1811 21—25.

447 1834 490 1890 5.
530 1832 577 1881 2.
614 1830 690 1879 De
728 1832 882 1878 activi
917 1831 1126 1893 perfecti
1174 1832 1491 1880 coniunctivo
1544 1833 1600 1878 in
1648 1832 1886 1892 primario
1937 1833 2193 1879 enuntiato
2242 1829 2572 1878 condicionali

607 1902 767 1962 posito
805 1901 1027 1949 26—30.

446 1975 487 2030 5.
526 1976 572 2021 3.
607 1970 682 2019 De
721 1971 874 2020 activi
922 1971 1129 2031 perfecti
1182 1972 1495 2020 coniunctivi
1544 1984 1639 2019 usu
1687 1973 1741 2019 in
1790 1970 2102 2018 secundariis
2140 1972 2414 2018 enuntiatis
2454 1983 2574 2018 con-

604 2041 942 2089 dicionalibus
980 2045 1205 2091 30—37.

524 2113 563 2160 1.
600 2111 676 2160 De
711 2112 905 2171 formis,
938 2113 1123 2171 quibus
1159 2112 1461 2172 respondent
1499 2112 1684 2160 formae
1719 2126 1741 2159 8
1777 2113 1952 2160 littera
1987 2111 2129 2159 fletae
2168 2111 2389 2159 32—33.

501 2182 568 2230 11.
603 2182 680 2229 De
719 2181 908 2237 formis,
949 2183 1131 2243 quibus
1168 2183 1354 2230 formae
1392 2183 1657 2230 sibilantes
1694 2195 1792 2229 nou
1829 2180 2129 2241 respondent
2166 2185 2387 2230 34—37.

446 2256 487 2312 §·
521 2257 570 2301 4.
607 2251 683 2299 De
725 2252 1040 2299 coniunctivi
1077 2254 1288 2315 perfecti
1323 2253 1479 2300 activi
1505 2266 1601 2300 usu
1629 2253 1685 2300 in
1721 2255 1793 2301 eis
1821 2252 2131 2300 secundariis
2159 2254 2432 2301 enuntiatis
2457 2264 2574 2301 con-

610 2320 959 2383 dicionalibus‚
997 2337 1205 2385 quorum
1243 2323 1539 2385 primarium
1580 2324 1894 2371 enuntiatum
1918 2322 2120 2371 aliunde
2144 2323 2327 2384 pendet
2352 2327 2575 2373 38—45.

522 2394 561 2442 1.
597 2392 656 2440 In
696 2393 958 2441 enuntiato
993 2395 1232 2457 primario
1267 2395 1450 2452 legitur
1484 2395 1833 2442 coniunctivus
1872 2394 2095 2443 40—42.

502 2466 568 2513 11.
605 2464 662 2511 In
700 2464 960 2512 enuntiato
998 2465 1460 2526 primariolegitur
1499 2465 1784 2513 infinitivus
1830 2467 2054 2513 42—44.

445 2538 486 2595 5.
526 2541 572 2584 5.
606 2534 971 2582 Examinantur
1019 2550 1077 2584 ea
1127 2535 1371 2598 exempla,
1430 2547 1555 2595 quae
1606 2537 1660 2581 in
1711 2537 1977 2584 sententiis
2016 2534 2314 2585 condicione
2349 2547 2449 2582 non
2487 2533 2574 2581 ad-

599 2604 791 2653 strictis
828 2617 1085 2655 occurrere
1123 2606 1360 2654 videntur
1398 2606 1623 2653 45—66.

598 2675 939 2722 Posteriorum
977 2677 1290 2739 scriptorum,
1330 2677 1546 2724 maxime
1575 2676 1832 2726 Ciceronis
1855 2681 1904 2723 et
1928 2672 2172 2733 Caesaris,
2211 2687 2331 2722 usus
2356 2674 2573 2722 breviter

599 2745 919 2793 adumbratur
957 2747 1178 2795 66—71.

440 2818 482 2874 5.
523 2819 569 2866 6.
600 2815 673 2863 De
708 2815 919 2878 perfecti
957 2816 1314 2880 deponentium
1371 2822 1420 2865 et
1471 2818 1661 2877 passivi
1707 2816 1904 2876 generis
1945 2813 2267 2863 coniunctivo
2304 2815 2599 2900 potentiali·

602 2888 824 2935 71—77.

518 2956 557 3003 1.
593 2956 671 3005 De
706 2956 955 3017 exemplis
992 2959 1047 3003 in
1084 2957 1365 3004 enuntiatis
1406 2956 1834 3008 condicionalibus
1870 2955 2056 3017 positis
2097 2954 2316 3002 72—54.

493 3027 558 3075 11.
594 3027 671 3075 De
708 3027 956 3088 exemplis
999 3029 1053 3073 in
1092 3028 1368 3075 enuntiatis
1407 3029 1655 3076 absolutis
1690 3028 1873 3090 positis
1913 3027 2135 3074 74-77.

357 3111 562 3182 Caput
595 3110 884 3167 tertium:
922 3113 1119 3174 Quibus
1157 3117 1442 3164 rationibus
1479 3118 1679 3178 priscus
1716 3117 1926 3177 perfecti
1962 3114 2276 3163 coniunctivi
2313 3127 2434 3163 usus
2471 3128 2569 3177 po-

493 3188 719 3235 tentialis
758 3187 1090 3247 explicandus
1129 3188 1205 3236 sit
1243 3189 1465 3236 77—84.

438 3258 484 3315 5.
527 3262 568 3305 1.
606 3257 705 3305 Cur
739 3258 951 3318 porreeti
987 3257 1162 3305 modus
1201 3259 1497 3319 potentialis
1533 3271 1564 3304 a
1600 3262 1847 3307 structura
1882 3255 2216 3306 condicionali
2251 3256 2459 3304 initium
2488 3267 2570 3304 ce-

594 3329 726 3389 perit
764 3329 988 3376 77-78.

436 3399 478 3455 5.
517 3398 565 3445 2.
600 3398 676 3447 De
713 3399 921 3459 perfecti
958 3400 1279 3449 coniunctivo
1319 3399 1374 3445 in
1411 3398 1687 3446 enuntiatis
1724 3397 1971 3445 absolutis
2008 3398 2174 3458 posito
2213 3398 2441 3445 78-79.

436 3469 480 3526 5.
520 3469 566 3516 3.
603 3469 681 3517 De
705 3469 900 3516 ratione
922 3471 1129 3529 perfecti
1153 3470 1461 3517 coniunctivi
1486 3469 1540 3515 in
1563 3468 1771 3530 apodosi
1797 3468 2133 3516 condicionali
2155 3469 2309 3530 positi
2347 3469 2373 3513 7
2380 3468 2567 3514 9—80.

439 3542 479 3596 §-
518 3544 564 3587 4.
600 3539 676 3588 De
702 3540 892 3587 ratione
917 3540 1127 3600 perfecti
1148 3540 1460 3587 coniunctivi
1482 3540 1535 3585 in
1563 3539 1752 3600 protasi
1776 3537 2117 3588 condicionali
2143 3539 2306 3601 positi
2345 3537 2568 3585 80-82,

435 3612 473 3670 5.
515 3615 562 3658 5.
603 3609 701 3658 Gur
735 3610 891 3671 prisci
930 3610 1199 3673 scriptores
1237 3611 1445 3672 perfecti
1478 3610 1625 3658 modo
1662 3610 1926 3671 potentiali
1953 3623 2060 3657 raro
2097 3609 2177 3657 usi
2206 3610 2311 3657 sint
2346 3607 2568 3657 82—84.
