3116 4790
1640 364 1718 430 78

577 580 726 636 tura
767 567 1197 655 hypothetica.
1275 566 1445 631 Nam
1484 588 1650 653 quae
1685 591 1810 634 non
1849 588 1965 653 pro
2003 567 2169 633 veris
2206 565 2631 657 affirmantur,
2675 565 2786 630 sed

578 671 976 737 dubitatione
1041 668 1257 754 aliqua
1319 678 1380 732 et
1440 668 1859 734 haesitatione
1917 670 2351 754 proferuntur,
2411 691 2489 734 ea
2540 691 2787 754 semper

579 797 661 839 ex
703 772 1072 838 condicione
1117 771 1332 856 aliqua
1375 770 1697 856 pendeant
1739 794 1990 838 necesse
2034 783 2149 855 est,
2207 775 2342 840 sive
2383 775 2537 839 haec
2581 773 2647 835 in
2689 793 2789 835 re-

583 877 699 941 bus
735 874 1016 940 externis
1048 873 1254 958 posita
1285 880 1399 953 est,
1442 872 1578 937 sive
1611 894 1694 937 ex
1725 873 1860 959 ipso
1905 875 2114 940 animo
2152 885 2214 939 et
2248 873 2506 942 consilio
2537 873 2793 960 loquen—

579 980 659 1044 tis
721 988 814 1042 est
870 997 1194 1062 suspensa.
1285 974 1448 1038 Eam
1506 975 1938 1040 condicionem
1993 976 2169 1041 initio
2211 998 2327 1061 pro
2370 973 2641 1061 simplici
2683 996 2794 1040 ve·

577 1079 1070 1145 tustissimorum
1128 1075 1454 1141 hominum
1504 1075 1806 1163 loquendi
1847 1077 2095 1144 ratione
2137 1099 2383 1163 semper
2426 1076 2639 1142 verbis
2683 1099 2792 1142 ex-

577 1202 861 1269 pressam
904 1203 1037 1244 esse
1081 1178 1467 1244 credendum
1510 1188 1623 1245 est.
1696 1179 1925 1245 Postea
1968 1190 2182 1245 autem
2225 1190 2547 1246 crescente
2585 1181 2790 1265 magis

578 1285 912 1371 magisque
957 1281 1281 1368 cogitandi
1325 1291 1388 1346 et
1429 1281 1682 1346 dicendi
1725 1279 2079 1346 subtilitate
2122 1280 2233 1345 illa
2276 1281 2563 1346 condicio
2598 1281 2666 1346 in
2701 1282 2790 1347 eis

583 1387 927 1453 enuntiatis
985 1407 1172 1470 saepe
1230 1406 1354 1449 non
1417 1384 1803 1466 addebatur,
1867 1385 1933 1447 in
1976 1383 2209 1469 quibus
2252 1383 2336 1449 ab
2384 1382 2792 1449 audientibus

580 1489 683 1556 vel
724 1486 1081 1573 legentibus
1139 1509 1222 1550 ex
1277 1487 1733 1550 sententiarum
1786 1509 1959 1551 nexu
2004 1487 2191 1551 facile
2232 1487 2480 1572 percipi
2520 1495 2791 1573 poterat.

579 1592 705 1657 Sed
764 1613 888 1677 quo
947 1590 1150 1674 magis
1209 1587 1367 1653 haec
1408 1587 1709 1675 loquendi
1762 1589 2122 1672 proprietas
2166 1588 2232 1653 in
2274 1588 2793 1653 consuetudinem

580 1693 901 1774 veniebat,
964 1712 1036 1755 eo
1091 1689 1344 1754 facilius
1384 1686 1525 1753 fieri
1582 1689 1810 1774 potuit,
1872 1697 1945 1753 ut
1987 1688 2294 1754 eiusmodi
2337 1688 2792 1754 affirmationes

579 1794 683 1861 vel
740 1792 978 1858 iudicia
1033 1813 1178 1856 cum
1241 1790 1657 1855 dubitationis
1714 1799 1866 1855 nota
1920 1792 1986 1872 (i.
2034 1813 2087 1857 e.
2131 1792 2535 1857 coniunctivo
2581 1792 2794 1874 modo)

583 1895 773 1960 etiam
815 1892 1276 1979 proferrentur,
1341 1890 1454 1955 ubi
1494 1893 1780 1958 condicio
1837 1894 2031 1960 menti
2073 1895 2269 1980 ipsius
2310 1896 2624 1982 loquentis
2667 1917 2794 1975 non

583 2008 714 2061 tam
759 1995 1059 2059 distincta
1103 1992 1579 2074 obversaretur,
1645 2015 1837 2080 quam
1881 1992 2113 2059 lateret
2153 1997 2336 2082 quasi
2380 2007 2443 2061 et
2483 1997 2797 2062 dormiret

583 2101 644 2162 in
709 2099 938 2163 animo.
1040 2094 1260 2161 Veluti
1328 2094 1582 2161 dicendi
1636 2095 1913 2160 formula
1970 2096 2137 2164 dicat
2193 2098 2427 2182 aliquis
2482 2099 2601 2164 hoc
2660 2099 2797 2165 fere

585 2200 788 2268 valet:
852 2200 911 2263 si
951 2197 1092 2282 quis
1134 2197 1294 2262 hanc
1334 2217 1470 2261 rem
1510 2201 1721 2263 minus
1765 2199 2091 2285 diliyenter
2124 2201 2555 2286 perpenderit,
2607 2201 2791 2268 dicat.

748 2302 891 2367 Hoc
926 2299 1291 2367 confirmari
1328 2301 1582 2367 videtur
1619 2324 1711 2384 ec,
1754 2304 1922 2389 quod
1961 2304 2026 2368 in
2062 2305 2276 2391 prisca
2316 2304 2636 2369 latinitate
2665 2328 2791 2370 non

579 2406 762 2470 modo
806 2405 1070 2490 perfecti
1113 2404 1580 2486 coniunctivus,
1649 2427 1875 2470 verum
1926 2407 2133 2470 etiam.
2160 2406 2524 2491 potentialis
2569 2407 2796 2473 modus

579 2510 1052 2594 praesentis
1095 2519 1158 2573 et
1200 2506 1661 2594 praeteriti
1702 2505 1904 2586 (velut
1939 2506 2135 2572 scires
2168 2506 2378 2573 Plaut.
2414 2507 2600 2576 Cure.
2646 2508 2797 2588 331)

578 2610 776 2674 multo
819 2610 1030 2674 rarius
1075 2618 1261 2673 extra
1305 2607 1690 2693 hypothesin
1733 2610 2034 2691 occurrit,
2089 2632 2282 2696 quam
2325 2611 2498 2696 apud
2542 2611 2799 2677 inferio-

581 2714 665 2777 ris
727 2714 961 2777 aetatis
1029 2714 1386 2797 scriptores.
1465 2711 1687 2797 Atque
1741 2713 1931 2775 etiam
1975 2734 2059 2777 ex
2103 2714 2517 2779 similitudine
2560 2715 2799 2781 Graeci

578 2816 750 2879 modi
811 2813 1174 2900 potentialis
1234 2816 1273 2882 i.
1330 2837 1381 2880 e.
1442 2816 1715 2899 optativi
1775 2837 1919 2879 cum
1976 2806 2053 2879 ἄν
2114 2816 2436 2901 particula
2479 2818 2799 2883 coniuncti

580 2919 874 2983 idoneum
921 2927 1367 3002 argumentum
1412 2916 1613 3002 repeti
1655 2927 1881 3001 potest.
1962 2917 2227 2982 Constat
2269 2920 2434 2983 enim
2479 2908 2557 2982 ἷίν
2600 2918 2798 3004 parti-

578 3019 789 3083 culam
826 3054 906 3065 —-
946 3019 1093 3083 licet
1133 3007 1425 3083 nativa
1467 3017 1662 3083 huius
1713 3020 1979 3085 voculae
2023 3022 2119 3086 vis
2162 3022 2443 3087 nondum
2490 3022 2644 3086 satis
2688 3044 2797 3086 ex-

581 3122 840 3206 plorata
875 3124 957 3185 sit
990 3158 1066 3169 —
1105 3144 1350 3209 semper
1387 3130 1678 3207 spectare
1716 3122 1799 3186 ad
1830 3123 2259 3189 condicionem
2297 3123 2574 3209 aliquam
2612 3124 2797 3188 modo

579 3223 792 3288 verbis
836 3245 1207 3309 expressam
1250 3223 1432 3289 modo
1477 3233 1683 3289 mente
1721 3223 2215 3310 intellegendam
2237 3226 2306 3308 ¹).

1608 3463 1663 3539 ἓ.
1709 3461 1767 3526 2.

737 3574 827 3629 De
863 3573 1129 3643 perfecti
1162 3576 1552 3635 coniunctivo
1591 3579 1654 3634 in
1692 3579 2036 3637 enuntiatis
2075 3579 2381 3637 absolutis
2416 3580 2643 3650 posito.

747 3681 984 3746 Facilis
1040 3682 1125 3746 ad
1185 3681 1637 3769 explicandum
1697 3695 1791 3751 est
1843 3708 1920 3751 ea
1961 3688 2267 3772 quaestiO,
2334 3708 2449 3751 cur
2492 3686 2556 3750 in
2602 3706 2793 3749 enun-

583 3782 756 3847 tiatis
819 3783 1126 3849 absolutis
1186 3786 1224 3848 i.
1283 3807 1334 3852 e.
1396 3809 1523 3853 non
1578 3788 2008 3876 hypotheticis
2068 3795 2240 3855 solae
2300 3790 2542 3855 formae
2583 3810 2700 3875 per
2741 3807 2799 3851 -s

578 3882 787 3969 fictae,
834 3910 957 3953 non
1000 3887 1311 3974 pleniores
1359 3891 1423 3955 in
1468 3899 1650 3956 -erlm
1693 3903 2053 3959 occurrant.
2143 3895 2435 3979 Namque
2472 3891 2621 3957 illae
2657 3912 2798 3977 pro-

752 4161 796 4225 l)
834 4162 973 4215 Gonf.
1017 4180 1056 4213 o.
1094 4181 1141 4226 g.
1181 4166 1463 4224 Bragmann
1502 4170 1717 4220 ‘Handb.
1753 4171 1799 4218 d.
1840 4172 1905 4219 kl.
1945 4172 2303 4219 Altertumsw)
2358 4171 2492 4232 ΠΛΡ.
2539 4170 2651 4217 102.
