<?xml version="1.0" encoding="UTF-8"?>
<!DOCTYPE html PUBLIC "-//W3C//DTD XHTML 1.0 Transitional//EN"
    "http://www.w3.org/TR/xhtml1/DTD/xhtml1-transitional.dtd">
<html xmlns="http://www.w3.org/1999/xhtml" xml:lang="en" lang="en">
 <head>
  <title>
</title>
<meta http-equiv="Content-Type" content="text/html;charset=utf-8" />
  <meta name='ocr-system' content='tesseract 3.04.00' />
  <meta name='ocr-capabilities' content='ocr_page ocr_carea ocr_par ocr_line ocrx_word'/>
</head>
<body>
  <div class='ocr_page' id='page_1' title='image "./deperfecticonju00cramgoog_0026.png"; bbox 0 0 3116 4790; ppageno 0'>
   <div class='ocr_carea' id='block_1_1' title="bbox 1603 321 1683 388">
    <p class='ocr_par' dir='ltr' id='par_1_1' title="bbox 1603 321 1683 388">
     <span class='ocr_line' id='line_1_1' title="bbox 1603 321 1683 388; baseline 0 0"><span class='ocrx_word' id='word_1_1' title='bbox 1603 321 1683 388; x_wconf 89' lang='lat'><strong><em>18</em></strong></span> 
     </span>
    </p>
   </div>
   <div class='ocr_carea' id='block_1_2' title="bbox 1444 412 1846 421">
    <p class='ocr_par' dir='ltr' id='par_1_2' title="bbox 1444 412 1846 421">
     <span class='ocr_line' id='line_1_2' title="bbox 1444 412 1846 421; baseline 0 4369"><span class='ocrx_word' id='word_1_2' title='bbox 1444 412 1846 421; x_wconf 95' lang='lat' dir='ltr'><strong><em> </em></strong></span> 
     </span>
    </p>
   </div>
   <div class='ocr_carea' id='block_1_3' title="bbox 531 521 2754 2955">
    <p class='ocr_par' dir='ltr' id='par_1_3' title="bbox 706 521 2607 615">
     <span class='ocr_line' id='line_1_3' title="bbox 706 521 2607 615; baseline 0.006 -29"><span class='ocrx_word' id='word_1_3' title='bbox 706 521 803 587; x_wconf 91' lang='lat' dir='ltr'><strong><em>De</em></strong></span> <span class='ocrx_word' id='word_1_4' title='bbox 845 521 969 587; x_wconf 84' lang='lat' dir='ltr'><strong><em>hae</em></strong></span> <span class='ocrx_word' id='word_1_5' title='bbox 1010 522 1200 587; x_wconf 86' lang='lat' dir='ltr'><strong><em>‘modi</em></strong></span> <span class='ocrx_word' id='word_1_6' title='bbox 1246 525 1641 590; x_wconf 83' lang='lat' dir='ltr'><strong><em>attractione&#39;</em></strong></span> <span class='ocrx_word' id='word_1_7' title='bbox 1686 549 1745 592; x_wconf 84' lang='lat' dir='ltr'><strong><em>v.</em></strong></span> <span class='ocrx_word' id='word_1_8' title='bbox 1789 526 2116 594; x_wconf 88' lang='lat' dir='ltr'><strong><em>Luebbert</em></strong></span> <span class='ocrx_word' id='word_1_9' title='bbox 2154 527 2246 591; x_wconf 91' lang='grc' dir='ltr'><strong><em>ΙΙ.</em></strong></span> <span class='ocrx_word' id='word_1_10' title='bbox 2285 552 2348 615; x_wconf 86' lang='lat' dir='ltr'><strong><em>p.</em></strong></span> <span class='ocrx_word' id='word_1_11' title='bbox 2396 530 2519 596; x_wconf 86' lang='lat'><strong><em>130</em></strong></span> <span class='ocrx_word' id='word_1_12' title='bbox 2541 532 2607 615; x_wconf 79' lang='lat'><strong><em>¹).</em></strong></span> 
     </span>
    </p>

    <p class='ocr_par' dir='ltr' id='par_1_4' title="bbox 538 625 2751 794">
     <span class='ocr_line' id='line_1_4' title="bbox 701 625 2751 712; baseline 0.005 -24"><span class='ocrx_word' id='word_1_13' title='bbox 701 625 1316 691; x_wconf 83' lang='lat' dir='ltr'><strong><em>‘Adversativa’</em></strong></span> <span class='ocrx_word' id='word_1_14' title='bbox 1355 627 1450 692; x_wconf 85' lang='lat' dir='ltr'><strong><em>vis</em></strong></span> <span class='ocrx_word' id='word_1_15' title='bbox 1488 626 1624 705; x_wconf 81' lang='lat' dir='ltr'><strong><em>(cfr.</em></strong></span> <span class='ocrx_word' id='word_1_16' title='bbox 1659 649 1857 712; x_wconf 84' lang='lat' dir='ltr'><strong><em>supra</em></strong></span> <span class='ocrx_word' id='word_1_17' title='bbox 1892 627 2025 693; x_wconf 88' lang='lat' dir='ltr'><strong><em>Mil.</em></strong></span> <span class='ocrx_word' id='word_1_18' title='bbox 2062 629 2170 712; x_wconf 78' lang='lat'><strong><em>20)</em></strong></span> <span class='ocrx_word' id='word_1_19' title='bbox 2206 629 2516 697; x_wconf 78' lang='lat' dir='ltr'>relativae</span> <span class='ocrx_word' id='word_1_20' title='bbox 2555 655 2751 699; x_wconf 90' lang='lat' dir='ltr'><strong><em>enun-</em></strong></span> 
     </span>
     <span class='ocr_line' id='line_1_5' title="bbox 538 726 1680 794; baseline 0.001 -4"><span class='ocrx_word' id='word_1_21' title='bbox 538 727 785 790; x_wconf 86' lang='lat' dir='ltr'><strong><em>tiationi</em></strong></span> <span class='ocrx_word' id='word_1_22' title='bbox 818 726 914 790; x_wconf 89' lang='lat' dir='ltr'><strong><em>his</em></strong></span> <span class='ocrx_word' id='word_1_23' title='bbox 954 726 1105 791; x_wconf 86' lang='lat' dir='ltr'><strong><em>loeis</em></strong></span> <span class='ocrx_word' id='word_1_24' title='bbox 1149 727 1350 791; x_wconf 85' lang='lat' dir='ltr'><strong><em>inesse</em></strong></span> <span class='ocrx_word' id='word_1_25' title='bbox 1391 728 1680 794; x_wconf 89' lang='lat' dir='ltr'><strong><em>videtur:</em></strong></span> 
     </span>
    </p>

    <p class='ocr_par' dir='ltr' id='par_1_5' title="bbox 536 825 2754 1219">
     <span class='ocr_line' id='line_1_6' title="bbox 536 825 2753 919; baseline 0.005 -28"><span class='ocrx_word' id='word_1_26' title='bbox 536 828 681 893; x_wconf 88' lang='lat' dir='ltr'><strong><em>Ter.</em></strong></span> <span class='ocrx_word' id='word_1_27' title='bbox 699 826 898 894; x_wconf 87' lang='lat' dir='ltr'><strong>Andr.</strong></span> <span class='ocrx_word' id='word_1_28' title='bbox 915 826 1030 890; x_wconf 77' lang='lat'><strong><em>271</em></strong></span> <span class='ocrx_word' id='word_1_29' title='bbox 1053 825 1233 912; x_wconf 74' lang='lat' dir='ltr'><strong><em>qun</em></strong></span> <span class='ocrx_word' id='word_1_30' title='bbox 1241 833 1508 912; x_wconf 74' lang='lat' dir='ltr'><strong><em>propter</em></strong></span> <span class='ocrx_word' id='word_1_31' title='bbox 1528 849 1628 894; x_wconf 87' lang='lat' dir='ltr'><strong><em>me</em></strong></span> <span class='ocrx_word' id='word_1_32' title='bbox 1644 829 1825 896; x_wconf 82' lang='lat' dir='ltr'><strong><em>illam</em></strong></span> <span class='ocrx_word' id='word_1_33' title='bbox 1846 830 2049 918; x_wconf 75' lang='lat' dir='ltr'><strong><em>decipi</em></strong></span> <span class='ocrx_word' id='word_1_34' title='bbox 2069 835 2364 900; x_wconf 80' lang='lat' dir='ltr'><strong><em>miseram</em></strong></span> <span class='ocrx_word' id='word_1_35' title='bbox 2388 835 2615 919; x_wconf 76' lang='lat' dir='ltr'><strong><em>sinam,</em></strong></span> <span class='ocrx_word' id='word_1_36' title='bbox 2632 888 2647 904; x_wconf 89' lang='lat'><strong>.</strong></span> <span class='ocrx_word' id='word_1_37' title='bbox 2669 888 2683 903; x_wconf 88' lang='lat'><strong>.</strong></span> <span class='ocrx_word' id='word_1_38' title='bbox 2703 891 2717 905; x_wconf 90' lang='lat'><strong>.</strong></span> <span class='ocrx_word' id='word_1_39' title='bbox 2738 886 2753 902; x_wconf 90' lang='lat'><strong>.</strong></span> 
     </span>
     <span class='ocr_line' id='line_1_7' title="bbox 701 928 2754 1019; baseline 0.007 -27"><span class='ocrx_word' id='word_1_40' title='bbox 701 928 905 1008; x_wconf 79' lang='lat' dir='ltr'><strong><em>Quam</em></strong></span> <span class='ocrx_word' id='word_1_41' title='bbox 950 949 1055 1014; x_wconf 74' lang='lat' dir='ltr'><strong><em>eqo</em></strong></span> <span class='ocrx_word' id='word_1_42' title='bbox 1098 929 1306 994; x_wconf 81' lang='lat' dir='ltr'><strong><em>animo</em></strong></span> <span class='ocrx_word' id='word_1_43' title='bbox 1364 933 1605 1016; x_wconf 71' lang='lat' dir='ltr'><strong><em>eqreqie</em></strong></span> <span class='ocrx_word' id='word_1_44' title='bbox 1654 951 1872 999; x_wconf 74' lang='lat' dir='ltr'><strong><em>caram</em></strong></span> <span class='ocrx_word' id='word_1_45' title='bbox 1911 956 2030 1019; x_wconf 82' lang='lat' dir='ltr'><strong><em>pro</em></strong></span> <span class='ocrx_word' id='word_1_46' title='bbox 2071 956 2273 1002; x_wconf 79' lang='lat' dir='ltr'><strong><em>uxore</em></strong></span> <span class='ocrx_word' id='word_1_47' title='bbox 2313 938 2754 1007; x_wconf 75' lang='lat' dir='ltr'><strong><em>habuerim?</em></strong></span> 
     </span>
     <span class='ocr_line' id='line_1_8' title="bbox 702 1030 2751 1123; baseline 0.006 -26"><span class='ocrx_word' id='word_1_48' title='bbox 702 1032 956 1100; x_wconf 88' lang='lat' dir='ltr'><strong><em>Phorm.</em></strong></span> <span class='ocrx_word' id='word_1_49' title='bbox 1002 1034 1121 1098; x_wconf 82' lang='lat'><strong><em>917</em></strong></span> <span class='ocrx_word' id='word_1_50' title='bbox 1168 1030 1338 1099; x_wconf 86' lang='lat' dir='ltr'><strong><em>Nam</em></strong></span> <span class='ocrx_word' id='word_1_51' title='bbox 1388 1054 1510 1117; x_wconf 80' lang='lat' dir='ltr'><strong><em>quo</em></strong></span> <span class='ocrx_word' id='word_1_52' title='bbox 1561 1032 1770 1100; x_wconf 79' lang='lat' dir='ltr'><strong><em>redibo</em></strong></span> <span class='ocrx_word' id='word_1_53' title='bbox 1826 1056 1932 1101; x_wconf 84' lang='lat' dir='ltr'><strong><em>ore</em></strong></span> <span class='ocrx_word' id='word_1_54' title='bbox 1983 1037 2068 1102; x_wconf 82' lang='lat' dir='ltr'><strong><em>ad</em></strong></span> <span class='ocrx_word' id='word_1_55' title='bbox 2119 1059 2276 1122; x_wconf 85' lang='lat' dir='ltr'><strong><em>eam,</em></strong></span> <span class='ocrx_word' id='word_1_56' title='bbox 2332 1061 2524 1123; x_wconf 81' lang='lat' dir='ltr'><strong><em>quam</em></strong></span> <span class='ocrx_word' id='word_1_57' title='bbox 2566 1064 2751 1109; x_wconf 79' lang='lat' dir='ltr'><strong><em>oon-</em></strong></span> 
     </span>
     <span class='ocr_line' id='line_1_9' title="bbox 709 1132 1169 1219; baseline 0 -23"><span class='ocrx_word' id='word_1_58' title='bbox 709 1132 1169 1219; x_wconf 74' lang='lat' dir='ltr'><strong><em>tempserim?</em></strong></span> 
     </span>
    </p>

    <p class='ocr_par' dir='ltr' id='par_1_6' title="bbox 702 1233 2389 1320">
     <span class='ocr_line' id='line_1_10' title="bbox 702 1233 2389 1320; baseline 0.004 -21"><span class='ocrx_word' id='word_1_59' title='bbox 702 1235 1025 1320; x_wconf 84' lang='lat' dir='ltr'><strong><em>Negativa</em></strong></span> <span class='ocrx_word' id='word_1_60' title='bbox 1068 1233 1191 1299; x_wconf 81' lang='lat' dir='ltr'><strong><em>loci</em></strong></span> <span class='ocrx_word' id='word_1_61' title='bbox 1235 1235 1547 1301; x_wconf 85' lang='lat' dir='ltr'><strong><em>sententia</em></strong></span> <span class='ocrx_word' id='word_1_62' title='bbox 1591 1237 1980 1319; x_wconf 66' lang='lat' dir='ltr'><strong><em>conjunctivi</em></strong></span> <span class='ocrx_word' id='word_1_63' title='bbox 2022 1252 2117 1307; x_wconf 86' lang='lat' dir='ltr'><strong><em>est</em></strong></span> <span class='ocrx_word' id='word_1_64' title='bbox 2160 1265 2389 1308; x_wconf 83' lang='lat' dir='ltr'><strong><em>causa:</em></strong></span> 
     </span>
    </p>

    <p class='ocr_par' dir='ltr' id='par_1_7' title="bbox 540 1336 2754 1635">
     <span class='ocr_line' id='line_1_11' title="bbox 540 1336 2754 1430; baseline 0.004 -27"><span class='ocrx_word' id='word_1_65' title='bbox 540 1337 754 1403; x_wconf 87' lang='lat' dir='ltr'><strong><em>Plaut.</em></strong></span> <span class='ocrx_word' id='word_1_66' title='bbox 798 1339 968 1403; x_wconf 87' lang='lat' dir='ltr'><strong><em>Men.</em></strong></span> <span class='ocrx_word' id='word_1_67' title='bbox 1022 1338 1149 1400; x_wconf 85' lang='lat'><strong><em>474</em></strong></span> <span class='ocrx_word' id='word_1_68' title='bbox 1196 1336 1333 1404; x_wconf 88' lang='lat' dir='ltr'><strong><em>Pro</em></strong></span> <span class='ocrx_word' id='word_1_69' title='bbox 1390 1338 1457 1403; x_wconf 80' lang='lat' dir='ltr'><strong><em>oli</em></strong></span> <span class='ocrx_word' id='word_1_70' title='bbox 1496 1339 1903 1423; x_wconf 77' lang='lat' dir='ltr'><strong><em>immortales,</em></strong></span> <span class='ocrx_word' id='word_1_71' title='bbox 1967 1343 2115 1426; x_wconf 80' lang='lat' dir='ltr'><strong><em>quoi</em></strong></span> <span class='ocrx_word' id='word_1_72' title='bbox 2168 1343 2405 1409; x_wconf 80' lang='lat' dir='ltr'><strong><em>homini</em></strong></span> <span class='ocrx_word' id='word_1_73' title='bbox 2457 1363 2754 1430; x_wconf 78' lang='lat' dir='ltr'><strong><em>umquam</em></strong></span> 
     </span>
     <span class='ocr_line' id='line_1_12' title="bbox 706 1439 2667 1536; baseline 0.005 -30"><span class='ocrx_word' id='word_1_74' title='bbox 706 1461 827 1506; x_wconf 78' lang='lat' dir='ltr'><strong><em>uno</em></strong></span> <span class='ocrx_word' id='word_1_75' title='bbox 872 1439 971 1505; x_wconf 78' lang='lat' dir='ltr'><strong><em>die</em></strong></span> <span class='ocrx_word' id='word_1_76' title='bbox 1010 1439 1181 1506; x_wconf 83' lang='lat' dir='ltr'><strong><em>Bom‘</em></strong></span> <span class='ocrx_word' id='word_1_77' title='bbox 1225 1440 1482 1506; x_wconf 79' lang='lat' dir='ltr'><strong><em>dedistis</em></strong></span> <span class='ocrx_word' id='word_1_78' title='bbox 1514 1444 1690 1526; x_wconf 79' lang='lat' dir='ltr'><strong><em>plus,</em></strong></span> <span class='ocrx_word' id='word_1_79' title='bbox 1732 1445 1842 1527; x_wconf 81' lang='lat' dir='ltr'><strong><em>qui</em></strong></span> <span class='ocrx_word' id='word_1_80' title='bbox 1883 1444 2091 1510; x_wconf 78' lang='lat' dir='ltr'><strong><em>minus</em></strong></span> <span class='ocrx_word' id='word_1_81' title='bbox 2131 1467 2403 1531; x_wconf 79' lang='lat' dir='ltr'><strong><em>sperav</em></strong></span> <span class='ocrx_word' id='word_1_82' title='bbox 2419 1449 2667 1536; x_wconf 75' lang='lat' dir='ltr'><strong><em>erit2).2</em></strong></span> 
     </span>
     <span class='ocr_line' id='line_1_13' title="bbox 724 1543 2751 1635; baseline 0.003 -25"><span class='ocrx_word' id='word_1_83' title='bbox 724 1544 786 1610; x_wconf 92' lang='lat' dir='ltr'><strong><em>b.</em></strong></span> <span class='ocrx_word' id='word_1_84' title='bbox 829 1544 990 1610; x_wconf 83' lang='lat' dir='ltr'><strong><em>Cum</em></strong></span> <span class='ocrx_word' id='word_1_85' title='bbox 1051 1543 1367 1631; x_wconf 81' lang='lat' dir='ltr'><strong><em>particula</em></strong></span> <span class='ocrx_word' id='word_1_86' title='bbox 1424 1544 1759 1629; x_wconf 83' lang='lat' dir='ltr'><strong><em>temporali</em></strong></span> <span class='ocrx_word' id='word_1_87' title='bbox 1817 1545 1919 1612; x_wconf 85' lang='lat' dir='ltr'><strong><em>vel</em></strong></span> <span class='ocrx_word' id='word_1_88' title='bbox 1985 1548 2375 1634; x_wconf 84' lang='lat' dir='ltr'><strong><em>explieativa</em></strong></span> <span class='ocrx_word' id='word_1_89' title='bbox 2437 1572 2622 1635; x_wconf 83' lang='lat' dir='ltr'><strong><em>quom</em></strong></span> <span class='ocrx_word' id='word_1_90' title='bbox 2670 1594 2751 1604; x_wconf 92' lang='lat'><strong><em>—-</em></strong></span> 
     </span>
    </p>

    <p class='ocr_par' dir='ltr' id='par_1_8' title="bbox 824 1648 2753 1936">
     <span class='ocr_line' id='line_1_14' title="bbox 825 1648 2753 1734; baseline 0.004 -22"><span class='ocrx_word' id='word_1_91' title='bbox 825 1670 1018 1734; x_wconf 82' lang='lat' dir='ltr'><strong><em>quam</em></strong></span> <span class='ocrx_word' id='word_1_92' title='bbox 1073 1670 1214 1734; x_wconf 91' lang='lat' dir='ltr'><strong><em>per</em></strong></span> <span class='ocrx_word' id='word_1_93' title='bbox 1277 1671 1306 1712; x_wconf 88' lang='lat' dir='ltr'><strong><em>s</em></strong></span> <span class='ocrx_word' id='word_1_94' title='bbox 1326 1671 1360 1712; x_wconf 90' lang='lat' dir='ltr'><strong><em>e</em></strong></span> <span class='ocrx_word' id='word_1_95' title='bbox 1414 1650 1588 1734; x_wconf 84' lang='lat' dir='ltr'><strong><em>apud</em></strong></span> <span class='ocrx_word' id='word_1_96' title='bbox 1645 1649 1883 1734; x_wconf 85' lang='lat' dir='ltr'><strong><em>priseos</em></strong></span> <span class='ocrx_word' id='word_1_97' title='bbox 1935 1648 2355 1716; x_wconf 81' lang='lat' dir='ltr'><strong><em>indicativum</em></strong></span> <span class='ocrx_word' id='word_1_98' title='bbox 2398 1653 2753 1720; x_wconf 76' lang='lat' dir='ltr'><strong><em>adsciscere</em></strong></span> 
     </span>
     <span class='ocr_line' id='line_1_15' title="bbox 825 1748 2750 1836; baseline 0.002 -20"><span class='ocrx_word' id='word_1_99' title='bbox 825 1751 1056 1816; x_wconf 85' lang='lat' dir='ltr'><strong><em>seimus</em></strong></span> <span class='ocrx_word' id='word_1_100' title='bbox 1098 1788 1170 1798; x_wconf 92' lang='lat'>—</span> <span class='ocrx_word' id='word_1_101' title='bbox 1202 1751 1428 1816; x_wconf 88' lang='lat' dir='ltr'><strong><em>modus</em></strong></span> <span class='ocrx_word' id='word_1_102' title='bbox 1464 1749 1822 1836; x_wconf 85' lang='lat' dir='ltr'><strong><em>potentialis</em></strong></span> <span class='ocrx_word' id='word_1_103' title='bbox 1859 1748 1958 1814; x_wconf 88' lang='lat' dir='ltr'><strong><em>his</em></strong></span> <span class='ocrx_word' id='word_1_104' title='bbox 1993 1750 2147 1816; x_wconf 86' lang='lat' dir='ltr'><strong><em>loeis</em></strong></span> <span class='ocrx_word' id='word_1_105' title='bbox 2186 1755 2577 1820; x_wconf 81' lang='lat' dir='ltr'><strong><em>consociatus</em></strong></span> <span class='ocrx_word' id='word_1_106' title='bbox 2615 1778 2750 1821; x_wconf 88' lang='lat' dir='ltr'><strong><em>esse</em></strong></span> 
     </span>
     <span class='ocr_line' id='line_1_16' title="bbox 824 1852 1629 1936; baseline -0.001 -21"><span class='ocrx_word' id='word_1_107' title='bbox 824 1853 1026 1936; x_wconf 90' lang='lat' dir='ltr'><strong><em>primo</em></strong></span> <span class='ocrx_word' id='word_1_108' title='bbox 1069 1852 1297 1918; x_wconf 87' lang='lat' dir='ltr'><strong><em>obtutu</em></strong></span> <span class='ocrx_word' id='word_1_109' title='bbox 1339 1852 1629 1917; x_wconf 86' lang='lat' dir='ltr'><strong><em>videtur:</em></strong></span> 
     </span>
    </p>

    <p class='ocr_par' dir='ltr' id='par_1_9' title="bbox 539 1951 2745 2141">
     <span class='ocr_line' id='line_1_17' title="bbox 539 1951 2745 2042; baseline 0.003 -24"><span class='ocrx_word' id='word_1_110' title='bbox 539 1953 746 2021; x_wconf 85' lang='lat' dir='ltr'><strong><em>Plaut.</em></strong></span> <span class='ocrx_word' id='word_1_111' title='bbox 791 1953 971 2019; x_wconf 88' lang='lat' dir='ltr'><strong><em>Most.</em></strong></span> <span class='ocrx_word' id='word_1_112' title='bbox 1015 1953 1143 2017; x_wconf 81' lang='lat'><strong><em>690</em></strong></span> <span class='ocrx_word' id='word_1_113' title='bbox 1179 1951 1419 2018; x_wconf 81' lang='lat' dir='ltr'><strong><em>Melius</em></strong></span> <span class='ocrx_word' id='word_1_114' title='bbox 1459 1971 1624 2017; x_wconf 74' lang='lat' dir='ltr'><strong><em>anno</em></strong></span> <span class='ocrx_word' id='word_1_115' title='bbox 1656 1954 1787 2018; x_wconf 68' lang='lat' dir='ltr'><strong><em>,hoo</em></strong></span> <span class='ocrx_word' id='word_1_116' title='bbox 1829 1955 1986 2020; x_wconf 81' lang='lat' dir='ltr'><strong><em>mihi</em></strong></span> <span class='ocrx_word' id='word_1_117' title='bbox 2027 1976 2151 2021; x_wconf 79' lang='lat' dir='ltr'><strong><em>non</em></strong></span> <span class='ocrx_word' id='word_1_118' title='bbox 2183 1957 2329 2040; x_wconf 76' lang='lat' dir='ltr'><strong><em>fuit</em></strong></span> <span class='ocrx_word' id='word_1_119' title='bbox 2366 1958 2553 2042; x_wconf 85' lang='lat' dir='ltr'><strong><em>domi,</em></strong></span> <span class='ocrx_word' id='word_1_120' title='bbox 2616 1957 2745 2024; x_wconf 87' lang='lat' dir='ltr'><strong><em>Neo</em></strong></span> 
     </span>
     <span class='ocr_line' id='line_1_18' title="bbox 700 2055 1968 2141; baseline 0.002 -23"><span class='ocrx_word' id='word_1_121' title='bbox 700 2072 884 2138; x_wconf 79' lang='lat' dir='ltr'><strong><em>quom</em></strong></span> <span class='ocrx_word' id='word_1_122' title='bbox 926 2074 1061 2119; x_wconf 80' lang='lat' dir='ltr'><strong><em>una</em></strong></span> <span class='ocrx_word' id='word_1_123' title='bbox 1102 2073 1244 2120; x_wconf 80' lang='lat' dir='ltr'><strong><em>esea</em></strong></span> <span class='ocrx_word' id='word_1_124' title='bbox 1285 2074 1383 2119; x_wconf 84' lang='lat' dir='ltr'><strong><em>me</em></strong></span> <span class='ocrx_word' id='word_1_125' title='bbox 1423 2055 1707 2120; x_wconf 77' lang='lat' dir='ltr'><strong><em>iuverit</em></strong></span> <span class='ocrx_word' id='word_1_126' title='bbox 1746 2061 1968 2141; x_wconf 75' lang='lat' dir='ltr'><strong><em>maqis.</em></strong></span> 
     </span>
    </p>

    <p class='ocr_par' dir='ltr' id='par_1_10' title="bbox 535 2150 2752 2441">
     <span class='ocr_line' id='line_1_19' title="bbox 703 2150 2752 2243; baseline 0.002 -24"><span class='ocrx_word' id='word_1_127' title='bbox 703 2155 1033 2220; x_wconf 88' lang='lat' dir='ltr'><strong><em>Luebbert</em></strong></span> <span class='ocrx_word' id='word_1_128' title='bbox 1072 2154 1186 2238; x_wconf 91' lang='grc' dir='ltr'><strong>(ΙΙ.</strong></span> <span class='ocrx_word' id='word_1_129' title='bbox 1222 2178 1282 2241; x_wconf 85' lang='lat' dir='ltr'><strong><em>p.</em></strong></span> <span class='ocrx_word' id='word_1_130' title='bbox 1330 2155 1442 2239; x_wconf 82' lang='lat'><strong><em>79)</em></strong></span> <span class='ocrx_word' id='word_1_131' title='bbox 1475 2156 1715 2221; x_wconf 79' lang='lat' dir='ltr'><strong><em>iuverit</em></strong></span> <span class='ocrx_word' id='word_1_132' title='bbox 1741 2157 1823 2221; x_wconf 82' lang='lat' dir='ltr'><strong><em>ad</em></strong></span> <span class='ocrx_word' id='word_1_133' title='bbox 1859 2178 2000 2221; x_wconf 83' lang='lat' dir='ltr'><strong><em>eam</em></strong></span> <span class='ocrx_word' id='word_1_134' title='bbox 2035 2159 2196 2223; x_wconf 82' lang='lat' dir='ltr'><strong><em>coni.</em></strong></span> <span class='ocrx_word' id='word_1_135' title='bbox 2225 2150 2498 2243; x_wconf 87' lang='lat' dir='ltr'><strong><em>speeiem</em></strong></span> <span class='ocrx_word' id='word_1_136' title='bbox 2538 2160 2752 2242; x_wconf 83' lang='lat' dir='ltr'><strong><em>refert,</em></strong></span> 
     </span>
     <span class='ocr_line' id='line_1_20' title="bbox 538 2255 2750 2344; baseline 0.002 -23"><span class='ocrx_word' id='word_1_137' title='bbox 538 2279 730 2344; x_wconf 88' lang='lat' dir='ltr'><strong><em>quam</em></strong></span> <span class='ocrx_word' id='word_1_138' title='bbox 781 2258 1064 2322; x_wconf 87' lang='lat' dir='ltr'><strong><em>nominat</em></strong></span> <span class='ocrx_word' id='word_1_139' title='bbox 1088 2256 1310 2340; x_wconf 87' lang='lat' dir='ltr'><strong><em>freier</em></strong></span> <span class='ocrx_word' id='word_1_140' title='bbox 1351 2255 1742 2324; x_wconf 81' lang='lat' dir='ltr'><strong><em>Potentialis.</em></strong></span> <span class='ocrx_word' id='word_1_141' title='bbox 1786 2258 1911 2323; x_wconf 86' lang='lat' dir='ltr'><strong><em>Sed</em></strong></span> <span class='ocrx_word' id='word_1_142' title='bbox 1941 2269 2110 2324; x_wconf 83' lang='lat' dir='ltr'><strong><em>reete</em></strong></span> <span class='ocrx_word' id='word_1_143' title='bbox 2138 2259 2384 2324; x_wconf 83' lang='lat' dir='ltr'><strong><em>Lorenz</em></strong></span> <span class='ocrx_word' id='word_1_144' title='bbox 2412 2270 2475 2324; x_wconf 90' lang='lat' dir='ltr'><strong><em>et</em></strong></span> <span class='ocrx_word' id='word_1_145' title='bbox 2504 2262 2750 2328; x_wconf 86' lang='lat' dir='ltr'><strong><em>Ritsehl</em></strong></span> 
     </span>
     <span class='ocr_line' id='line_1_21' title="bbox 535 2358 1386 2441; baseline 0.002 -18"><span class='ocrx_word' id='word_1_146' title='bbox 535 2359 813 2425; x_wconf 84' lang='lat' dir='ltr'><strong><em>seribere</em></strong></span> <span class='ocrx_word' id='word_1_147' title='bbox 858 2358 1162 2425; x_wconf 88' lang='lat' dir='ltr'><strong><em>videntur</em></strong></span> <span class='ocrx_word' id='word_1_148' title='bbox 1207 2358 1386 2441; x_wconf 78' lang='lat' dir='ltr'><strong><em>quod.</em></strong></span> 
     </span>
    </p>

    <p class='ocr_par' dir='ltr' id='par_1_11' title="bbox 533 2459 2746 2651">
     <span class='ocr_line' id='line_1_22' title="bbox 533 2459 2746 2548; baseline 0.001 -23"><span class='ocrx_word' id='word_1_149' title='bbox 533 2462 678 2530; x_wconf 88' lang='lat' dir='ltr'><strong><em>Ter.</em></strong></span> <span class='ocrx_word' id='word_1_150' title='bbox 716 2462 916 2532; x_wconf 82' lang='lat' dir='ltr'><strong><em>Haut.</em></strong></span> <span class='ocrx_word' id='word_1_151' title='bbox 959 2462 1122 2524; x_wconf 72' lang='lat'>1025</span> <span class='ocrx_word' id='word_1_152' title='bbox 1160 2459 1232 2527; x_wconf 82' lang='lat' dir='ltr'><strong><em>Si</em></strong></span> <span class='ocrx_word' id='word_1_153' title='bbox 1262 2481 1557 2544; x_wconf 75' lang='lat' dir='ltr'><strong><em>umquam</em></strong></span> <span class='ocrx_word' id='word_1_154' title='bbox 1593 2463 1794 2528; x_wconf 78' lang='lat' dir='ltr'><strong><em>ullum</em></strong></span> <span class='ocrx_word' id='word_1_155' title='bbox 1809 2462 1959 2545; x_wconf 81' lang='lat' dir='ltr'><strong><em>fuit</em></strong></span> <span class='ocrx_word' id='word_1_156' title='bbox 1989 2467 2251 2548; x_wconf 74' lang='lat' dir='ltr'><strong><em>tempus,</em></strong></span> <span class='ocrx_word' id='word_1_157' title='bbox 2300 2466 2517 2544; x_wconf 78' lang='lat' dir='ltr'><strong><em>mater,</em></strong></span> <span class='ocrx_word' id='word_1_158' title='bbox 2559 2482 2746 2546; x_wconf 79' lang='lat' dir='ltr'><strong><em>quom</em></strong></span> 
     </span>
     <span class='ocr_line' id='line_1_23' title="bbox 709 2563 1651 2651; baseline 0.002 -23"><span class='ocrx_word' id='word_1_159' title='bbox 709 2584 816 2651; x_wconf 73' lang='lat' dir='ltr'><strong><em>eqo</em></strong></span> <span class='ocrx_word' id='word_1_160' title='bbox 856 2564 1164 2647; x_wconf 78' lang='lat' dir='ltr'><strong><em>voluptati</em></strong></span> <span class='ocrx_word' id='word_1_161' title='bbox 1205 2564 1314 2629; x_wconf 84' lang='lat' dir='ltr'><strong><em>tibi</em></strong></span> <span class='ocrx_word' id='word_1_162' title='bbox 1335 2563 1651 2646; x_wconf 81' lang='lat' dir='ltr'><strong><em>fuerim.</em></strong></span> 
     </span>
    </p>

    <p class='ocr_par' dir='ltr' id='par_1_12' title="bbox 531 2665 2748 2955">
     <span class='ocr_line' id='line_1_24' title="bbox 698 2665 2744 2754; baseline 0.001 -21"><span class='ocrx_word' id='word_1_163' title='bbox 698 2669 837 2733; x_wconf 88' lang='lat' dir='ltr'><strong><em>Non</em></strong></span> <span class='ocrx_word' id='word_1_164' title='bbox 884 2689 1029 2732; x_wconf 88' lang='lat' dir='ltr'><strong><em>eum</em></strong></span> <span class='ocrx_word' id='word_1_165' title='bbox 1064 2665 1321 2732; x_wconf 84' lang='lat' dir='ltr'><strong><em>Holtzio</em></strong></span> <span class='ocrx_word' id='word_1_166' title='bbox 1356 2667 1472 2753; x_wconf 87' lang='grc' dir='ltr'><strong>(ΙΙ.</strong></span> <span class='ocrx_word' id='word_1_167' title='bbox 1509 2692 1571 2754; x_wconf 91' lang='lat' dir='ltr'><strong><em>p.</em></strong></span> <span class='ocrx_word' id='word_1_168' title='bbox 1614 2668 1761 2746; x_wconf 90' lang='lat'>144)</span> <span class='ocrx_word' id='word_1_169' title='bbox 1797 2667 2344 2752; x_wconf 85' lang='lat' dir='ltr'><strong><em>potentialem</em></strong></span> <span class='ocrx_word' id='word_1_170' title='bbox 2380 2669 2510 2732; x_wconf 85' lang='lat' dir='ltr'><strong><em>vim</em></strong></span> <span class='ocrx_word' id='word_1_171' title='bbox 2530 2666 2586 2753; x_wconf 79' lang='lat'><strong><em>³)</em></strong></span> <span class='ocrx_word' id='word_1_172' title='bbox 2612 2669 2653 2732; x_wconf 86' lang='lat' dir='ltr'><strong><em>i.</em></strong></span> <span class='ocrx_word' id='word_1_173' title='bbox 2690 2690 2744 2737; x_wconf 89' lang='lat' dir='ltr'><strong><em>e.</em></strong></span> 
     </span>
     <span class='ocr_line' id='line_1_25' title="bbox 531 2769 2748 2856; baseline 0.001 -25"><span class='ocrx_word' id='word_1_174' title='bbox 531 2769 1054 2834; x_wconf 82' lang='lat' dir='ltr'><strong><em>modestiorem</em></strong></span> <span class='ocrx_word' id='word_1_175' title='bbox 1111 2769 1410 2856; x_wconf 90' lang='lat' dir='ltr'><strong><em>loquendi</em></strong></span> <span class='ocrx_word' id='word_1_176' title='bbox 1478 2770 1736 2835; x_wconf 89' lang='lat' dir='ltr'><strong><em>modum</em></strong></span> <span class='ocrx_word' id='word_1_177' title='bbox 1796 2791 2100 2855; x_wconf 83' lang='lat' dir='ltr'><strong><em>agnosco:</em></strong></span> <span class='ocrx_word' id='word_1_178' title='bbox 2166 2772 2379 2855; x_wconf 89' lang='lat' dir='ltr'><strong><em>potius</em></strong></span> <span class='ocrx_word' id='word_1_179' title='bbox 2442 2770 2748 2836; x_wconf 87' lang='lat' dir='ltr'><strong><em>Teren-</em></strong></span> 
     </span>
     <span class='ocr_line' id='line_1_26' title="bbox 532 2869 2748 2955; baseline 0 -20"><span class='ocrx_word' id='word_1_180' title='bbox 532 2871 815 2936; x_wconf 85' lang='lat' dir='ltr'><strong><em>tianus</em></strong></span> <span class='ocrx_word' id='word_1_181' title='bbox 863 2892 1067 2935; x_wconf 89' lang='lat' dir='ltr'><strong><em>sermo</em></strong></span> <span class='ocrx_word' id='word_1_182' title='bbox 1087 2869 1144 2955; x_wconf 69' lang='lat'><strong><em>4)</em></strong></span> <span class='ocrx_word' id='word_1_183' title='bbox 1188 2870 1252 2938; x_wconf 91' lang='lat' dir='ltr'><strong><em>h.</em></strong></span> <span class='ocrx_word' id='word_1_184' title='bbox 1296 2870 1337 2939; x_wconf 90' lang='lat' dir='ltr'><strong><em>l.</em></strong></span> <span class='ocrx_word' id='word_1_185' title='bbox 1380 2871 1511 2934; x_wconf 91' lang='lat' dir='ltr'><strong><em>iam</em></strong></span> <span class='ocrx_word' id='word_1_186' title='bbox 1547 2870 1812 2935; x_wconf 86' lang='lat' dir='ltr'><strong><em>eandem</em></strong></span> <span class='ocrx_word' id='word_1_187' title='bbox 1848 2871 2100 2936; x_wconf 84' lang='lat' dir='ltr'><strong><em>dicendi</em></strong></span> <span class='ocrx_word' id='word_1_188' title='bbox 2140 2872 2456 2937; x_wconf 84' lang='lat' dir='ltr'><strong><em>rationem</em></strong></span> <span class='ocrx_word' id='word_1_189' title='bbox 2490 2872 2748 2938; x_wconf 85' lang='lat' dir='ltr'><strong><em>videtur</em></strong></span> 
     </span>
    </p>
   </div>
   <div class='ocr_carea' id='block_1_4' title="bbox 532 3025 2746 3176">
    <p class='ocr_par' dir='ltr' id='par_1_13' title="bbox 532 3025 2746 3176">
     <span class='ocr_line' id='line_1_27' title="bbox 707 3025 2743 3090; baseline -0.001 -14"><span class='ocrx_word' id='word_1_190' title='bbox 707 3028 746 3086; x_wconf 82' lang='grc'><strong><em>1)</em></strong></span> <span class='ocrx_word' id='word_1_191' title='bbox 782 3029 1013 3077; x_wconf 78' lang='lat' dir='ltr'><strong><em>Fortasse</em></strong></span> <span class='ocrx_word' id='word_1_192' title='bbox 1049 3035 1215 3076; x_wconf 81' lang='lat' dir='ltr'><strong><em>tamen</em></strong></span> <span class='ocrx_word' id='word_1_193' title='bbox 1248 3028 1474 3076; x_wconf 82' lang='lat' dir='ltr'><strong><em>viderim</em></strong></span> <span class='ocrx_word' id='word_1_194' title='bbox 1508 3028 1561 3077; x_wconf 87' lang='lat' dir='ltr'><strong><em>h.</em></strong></span> <span class='ocrx_word' id='word_1_195' title='bbox 1598 3028 1631 3075; x_wconf 89' lang='lat' dir='ltr'><strong><em>l.</em></strong></span> <span class='ocrx_word' id='word_1_196' title='bbox 1671 3034 1747 3074; x_wconf 87' lang='lat' dir='ltr'><strong><em>est</em></strong></span> <span class='ocrx_word' id='word_1_197' title='bbox 1781 3029 2056 3088; x_wconf 81' lang='lat' dir='ltr'><strong><em>perfectum</em></strong></span> <span class='ocrx_word' id='word_1_198' title='bbox 2093 3030 2403 3090; x_wconf 82' lang='lat' dir='ltr'><strong><em>praesentiae</em></strong></span> <span class='ocrx_word' id='word_1_199' title='bbox 2439 3030 2522 3084; x_wconf 93' lang='lat'><strong><em>(=</em></strong></span> <span class='ocrx_word' id='word_1_200' title='bbox 2558 3025 2743 3086; x_wconf 71' lang='lat' dir='ltr'><strong><em>vovi);</em></strong></span> 
     </span>
     <span class='ocr_line' id='line_1_28' title="bbox 532 3114 2746 3176; baseline -0.001 -11"><span class='ocrx_word' id='word_1_201' title='bbox 532 3118 738 3166; x_wconf 81' lang='lat' dir='ltr'><strong><em>eandem</em></strong></span> <span class='ocrx_word' id='word_1_202' title='bbox 776 3118 1020 3165; x_wconf 80' lang='lat' dir='ltr'><strong><em>rationem</em></strong></span> <span class='ocrx_word' id='word_1_203' title='bbox 1059 3123 1252 3165; x_wconf 77' lang='lat' dir='ltr'><strong><em>exstare</em></strong></span> <span class='ocrx_word' id='word_1_204' title='bbox 1288 3121 1408 3176; x_wconf 86' lang='lat' dir='ltr'><strong><em>puto</em></strong></span> <span class='ocrx_word' id='word_1_205' title='bbox 1441 3115 1642 3163; x_wconf 80' lang='lat' dir='ltr'><strong><em>Phorm.</em></strong></span> <span class='ocrx_word' id='word_1_206' title='bbox 1681 3119 1782 3163; x_wconf 72' lang='lat'><strong><em>590</em></strong></span> <span class='ocrx_word' id='word_1_207' title='bbox 1820 3116 1925 3175; x_wconf 78' lang='lat' dir='ltr'><strong><em>Eyo</em></strong></span> <span class='ocrx_word' id='word_1_208' title='bbox 1951 3116 2209 3163; x_wconf 76' lang='lat' dir='ltr'><strong><em>hominem</em></strong></span> <span class='ocrx_word' id='word_1_209' title='bbox 2237 3114 2560 3162; x_wconf 81' lang='lat' dir='ltr'><strong><em>callidiorem</em></strong></span> <span class='ocrx_word' id='word_1_210' title='bbox 2590 3114 2746 3162; x_wconf 80' lang='lat' dir='ltr'><strong><em>vidi</em></strong></span> 
     </span>
    </p>
   </div>
   <div class='ocr_carea' id='block_1_5' title="bbox 529 3201 2742 3266">
    <p class='ocr_par' dir='ltr' id='par_1_14' title="bbox 529 3201 2742 3266">
     <span class='ocr_line' id='line_1_29' title="bbox 529 3201 2742 3266; baseline -0.001 -14"><span class='ocrx_word' id='word_1_211' title='bbox 529 3206 613 3260; x_wconf 89' lang='lat'><strong><em>(=</em></strong></span> <span class='ocrx_word' id='word_1_212' title='bbox 630 3207 772 3261; x_wconf 79' lang='lat' dir='ltr'><strong><em>novi,</em></strong></span> <span class='ocrx_word' id='word_1_213' title='bbox 809 3202 938 3266; x_wconf 80' lang='lat' dir='ltr'><strong><em>scio)</em></strong></span> <span class='ocrx_word' id='word_1_214' title='bbox 971 3208 1254 3254; x_wconf 77' lang='lat' dir='ltr'><strong><em>neminem:</em></strong></span> <span class='ocrx_word' id='word_1_215' title='bbox 1313 3206 1440 3253; x_wconf 81' lang='lat' dir='ltr'><strong><em>conf.</em></strong></span> <span class='ocrx_word' id='word_1_216' title='bbox 1480 3204 1660 3252; x_wconf 79' lang='lat' dir='ltr'><strong><em>Lattm.</em></strong></span> <span class='ocrx_word' id='word_1_217' title='bbox 1714 3205 1745 3251; x_wconf 91' lang='lat' dir='ltr'><strong><em>l.</em></strong></span> <span class='ocrx_word' id='word_1_218' title='bbox 1781 3216 1820 3249; x_wconf 87' lang='lat' dir='ltr'><strong><em>s.</em></strong></span> <span class='ocrx_word' id='word_1_219' title='bbox 1871 3216 1908 3250; x_wconf 89' lang='lat' dir='ltr'><strong><em>s.</em></strong></span> <span class='ocrx_word' id='word_1_220' title='bbox 1951 3217 1997 3262; x_wconf 90' lang='lat' dir='ltr'><strong><em>p.</em></strong></span> <span class='ocrx_word' id='word_1_221' title='bbox 2036 3204 2098 3248; x_wconf 79' lang='lat'><strong><em>25</em></strong></span> <span class='ocrx_word' id='word_1_222' title='bbox 2153 3201 2214 3249; x_wconf 85' lang='lat' dir='ltr'><strong><em>de</em></strong></span> <span class='ocrx_word' id='word_1_223' title='bbox 2253 3201 2357 3251; x_wconf 72' lang='lat' dir='ltr'><strong><em>cic.</em></strong></span> <span class='ocrx_word' id='word_1_224' title='bbox 2397 3203 2500 3251; x_wconf 82' lang='lat' dir='ltr'><strong><em>Att.</em></strong></span> <span class='ocrx_word' id='word_1_225' title='bbox 2542 3206 2742 3264; x_wconf 73' lang='lat'><strong>3‚13‚·2</strong></span> 
     </span>
    </p>
   </div>
   <div class='ocr_carea' id='block_1_6' title="bbox 529 3289 2743 3443">
    <p class='ocr_par' dir='ltr' id='par_1_15' title="bbox 529 3289 2743 3443">
     <span class='ocr_line' id='line_1_30' title="bbox 529 3289 2162 3364; baseline -0.003 -23"><span class='ocrx_word' id='word_1_226' title='bbox 529 3293 610 3355; x_wconf 79' lang='lat' dir='ltr'><strong><em>(ut</em></strong></span> <span class='ocrx_word' id='word_1_227' title='bbox 633 3294 720 3352; x_wconf 92' lang='lat'><strong><em>[=</em></strong></span> <span class='ocrx_word' id='word_1_228' title='bbox 747 3291 863 3350; x_wconf 76' lang='lat' dir='ltr'><strong><em>wie]</em></strong></span> <span class='ocrx_word' id='word_1_229' title='bbox 897 3296 1156 3341; x_wconf 77' lang='lat' dir='ltr'><strong><em>‘neminem</em></strong></span> <span class='ocrx_word' id='word_1_230' title='bbox 1191 3305 1442 3354; x_wconf 82' lang='lat' dir='ltr'><strong><em>umquam</em></strong></span> <span class='ocrx_word' id='word_1_231' title='bbox 1475 3307 1508 3339; x_wconf 88' lang='lat' dir='ltr'><strong><em>v</em></strong></span> <span class='ocrx_word' id='word_1_232' title='bbox 1526 3293 1549 3339; x_wconf 89' lang='lat' dir='ltr'><strong><em>i</em></strong></span> <span class='ocrx_word' id='word_1_233' title='bbox 1566 3292 1748 3364; x_wconf 72' lang='lat' dir='ltr'><strong><em>deris</em></strong></span> <span class='ocrx_word' id='word_1_234' title='bbox 1782 3306 1874 3339; x_wconf 79' lang='lat' dir='ltr'><strong><em>neo</em></strong></span> <span class='ocrx_word' id='word_1_235' title='bbox 1899 3289 2162 3348; x_wconf 76' lang='lat' dir='ltr'><strong><em>audieris).</em></strong></span> 
     </span>
     <span class='ocr_line' id='line_1_31' title="bbox 701 3376 2743 3443; baseline -0.003 -14"><span class='ocrx_word' id='word_1_236' title='bbox 701 3378 750 3443; x_wconf 76' lang='grc'><strong><em>2)</em></strong></span> <span class='ocrx_word' id='word_1_237' title='bbox 788 3381 998 3429; x_wconf 82' lang='lat' dir='ltr'><strong><em>Plautus</em></strong></span> <span class='ocrx_word' id='word_1_238' title='bbox 1036 3392 1232 3442; x_wconf 82' lang='lat' dir='ltr'><strong><em>semper</em></strong></span> <span class='ocrx_word' id='word_1_239' title='bbox 1274 3381 1461 3440; x_wconf 83' lang='lat' dir='ltr'><strong><em>pariter</em></strong></span> <span class='ocrx_word' id='word_1_240' title='bbox 1513 3392 1569 3425; x_wconf 83' lang='lat' dir='ltr'><strong><em>ae</em></strong></span> <span class='ocrx_word' id='word_1_241' title='bbox 1604 3378 1772 3427; x_wconf 79' lang='lat' dir='ltr'><strong><em>Cicero</em></strong></span> <span class='ocrx_word' id='word_1_242' title='bbox 1822 3376 2148 3441; x_wconf 75' lang='lat' dir='ltr'><strong><em>praecedento</em></strong></span> <span class='ocrx_word' id='word_1_243' title='bbox 2197 3376 2458 3424; x_wconf 77' lang='lat' dir='ltr'><strong><em>enuntiato</em></strong></span> <span class='ocrx_word' id='word_1_244' title='bbox 2510 3378 2743 3435; x_wconf 79' lang='lat' dir='ltr'><strong><em>negativo</em></strong></span> 
     </span>
    </p>
   </div>
   <div class='ocr_carea' id='block_1_7' title="bbox 524 3464 2743 4232">
    <p class='ocr_par' dir='ltr' id='par_1_16' title="bbox 528 3464 2743 3620">
     <span class='ocr_line' id='line_1_32' title="bbox 528 3464 2743 3534; baseline -0.002 -17"><span class='ocrx_word' id='word_1_245' title='bbox 528 3470 811 3534; x_wconf 77' lang='lat' dir='ltr'><strong><em>pronomini</em></strong></span> <span class='ocrx_word' id='word_1_246' title='bbox 859 3468 1067 3518; x_wconf 79' lang='lat' dir='ltr'><strong><em>relativo</em></strong></span> <span class='ocrx_word' id='word_1_247' title='bbox 1115 3467 1354 3515; x_wconf 80' lang='lat' dir='ltr'><strong><em>adiunxit</em></strong></span> <span class='ocrx_word' id='word_1_248' title='bbox 1401 3468 1790 3516; x_wconf 75' lang='lat' dir='ltr'><strong><em>coniunctivum.</em></strong></span> <span class='ocrx_word' id='word_1_249' title='bbox 1840 3466 2090 3528; x_wconf 75' lang='lat' dir='ltr'><strong><em>(Paetzolt</em></strong></span> <span class='ocrx_word' id='word_1_250' title='bbox 2133 3466 2287 3512; x_wconf 82' lang='lat' dir='ltr'><strong><em>Beitr.</em></strong></span> <span class='ocrx_word' id='word_1_251' title='bbox 2338 3480 2379 3513; x_wconf 91' lang='lat' dir='ltr'><strong><em>z.</em></strong></span> <span class='ocrx_word' id='word_1_252' title='bbox 2431 3464 2553 3513; x_wconf 76' lang='lat' dir='ltr'><strong><em>hist.</em></strong></span> <span class='ocrx_word' id='word_1_253' title='bbox 2602 3465 2743 3523; x_wconf 78' lang='lat' dir='ltr'><strong><em>synt.</em></strong></span> 
     </span>
     <span class='ocr_line' id='line_1_33' title="bbox 528 3552 2229 3620; baseline -0.002 -15"><span class='ocrx_word' id='word_1_254' title='bbox 528 3557 574 3609; x_wconf 83' lang='lat' dir='ltr'><strong><em>d.</em></strong></span> <span class='ocrx_word' id='word_1_255' title='bbox 610 3560 647 3606; x_wconf 83' lang='lat'><strong><em>1.</em></strong></span> <span class='ocrx_word' id='word_1_256' title='bbox 683 3558 796 3620; x_wconf 83' lang='lat' dir='ltr'><strong><em>Spr.</em></strong></span> <span class='ocrx_word' id='word_1_257' title='bbox 842 3555 1194 3615; x_wconf 83' lang='lat' dir='ltr'><strong><em>Waldenburg.</em></strong></span> <span class='ocrx_word' id='word_1_258' title='bbox 1241 3554 1411 3613; x_wconf 77' lang='grc'><strong>1875).</strong></span> <span class='ocrx_word' id='word_1_259' title='bbox 1470 3554 1611 3603; x_wconf 83' lang='lat' dir='ltr'><strong><em>conf.</em></strong></span> <span class='ocrx_word' id='word_1_260' title='bbox 1640 3555 1873 3615; x_wconf 81' lang='lat' dir='ltr'><strong><em>Draeger.</em></strong></span> <span class='ocrx_word' id='word_1_261' title='bbox 1911 3552 1987 3601; x_wconf 81' lang='lat'><strong><em>112</em></strong></span> <span class='ocrx_word' id='word_1_262' title='bbox 2023 3568 2072 3616; x_wconf 89' lang='lat' dir='ltr'><strong><em>p.</em></strong></span> <span class='ocrx_word' id='word_1_263' title='bbox 2112 3556 2229 3601; x_wconf 71' lang='grc'><strong>529.</strong></span> 
     </span>
    </p>

    <p class='ocr_par' dir='ltr' id='par_1_17' title="bbox 524 3641 2743 3973">
     <span class='ocr_line' id='line_1_34' title="bbox 701 3641 2743 3707; baseline -0.002 -16"><span class='ocrx_word' id='word_1_264' title='bbox 701 3644 745 3704; x_wconf 81' lang='lat'><strong><em>⁸)</em></strong></span> <span class='ocrx_word' id='word_1_265' title='bbox 780 3645 880 3704; x_wconf 77' lang='lat' dir='ltr'><strong><em>Qui</em></strong></span> <span class='ocrx_word' id='word_1_266' title='bbox 930 3644 1379 3707; x_wconf 77' lang='lat' dir='ltr'><strong><em>potentialem</em></strong></span> <span class='ocrx_word' id='word_1_267' title='bbox 1432 3644 1476 3690; x_wconf 86' lang='lat' dir='ltr'><strong><em>h.</em></strong></span> <span class='ocrx_word' id='word_1_268' title='bbox 1516 3644 1547 3690; x_wconf 87' lang='lat'><strong><em>1.</em></strong></span> <span class='ocrx_word' id='word_1_269' title='bbox 1600 3656 1707 3691; x_wconf 81' lang='lat' dir='ltr'><strong><em>esse</em></strong></span> <span class='ocrx_word' id='word_1_270' title='bbox 1759 3644 1963 3697; x_wconf 77' lang='lat' dir='ltr'><strong><em>mavult,</em></strong></span> <span class='ocrx_word' id='word_1_271' title='bbox 2020 3645 2064 3690; x_wconf 87' lang='lat' dir='ltr'><strong><em>is</em></strong></span> <span class='ocrx_word' id='word_1_272' title='bbox 2118 3641 2484 3689; x_wconf 71' lang='lat' dir='ltr'><strong><em>animadvertat</em></strong></span> <span class='ocrx_word' id='word_1_273' title='bbox 2534 3643 2743 3700; x_wconf 81' lang='lat' dir='ltr'><strong><em>oportet,</em></strong></span> 
     </span>
     <span class='ocr_line' id='line_1_35' title="bbox 526 3729 2743 3797; baseline -0.004 -14"><span class='ocrx_word' id='word_1_274' title='bbox 526 3749 679 3797; x_wconf 80' lang='lat' dir='ltr'><strong><em>quom</em></strong></span> <span class='ocrx_word' id='word_1_275' title='bbox 715 3770 728 3783; x_wconf 90' lang='lat'><strong>.</strong></span> <span class='ocrx_word' id='word_1_276' title='bbox 770 3771 782 3783; x_wconf 91' lang='lat'><strong>.</strong></span> <span class='ocrx_word' id='word_1_277' title='bbox 818 3767 830 3780; x_wconf 89' lang='lat'><strong>.</strong></span> <span class='ocrx_word' id='word_1_278' title='bbox 863 3734 1056 3795; x_wconf 80' lang='lat' dir='ltr'><strong><em>fuerim</em></strong></span> <span class='ocrx_word' id='word_1_279' title='bbox 1092 3734 1340 3793; x_wconf 81' lang='lat' dir='ltr'><strong><em>pertinere</em></strong></span> <span class='ocrx_word' id='word_1_280' title='bbox 1378 3731 1436 3777; x_wconf 87' lang='lat' dir='ltr'><strong><em>ad</em></strong></span> <span class='ocrx_word' id='word_1_281' title='bbox 1478 3732 1707 3792; x_wconf 79' lang='lat' dir='ltr'><strong><em>protasia</em></strong></span> <span class='ocrx_word' id='word_1_282' title='bbox 1746 3731 2155 3791; x_wconf 70' lang='lat' dir='ltr'><strong><em>condicionalem,</em></strong></span> <span class='ocrx_word' id='word_1_283' title='bbox 2200 3732 2252 3777; x_wconf 89' lang='lat' dir='ltr'><strong><em>in</em></strong></span> <span class='ocrx_word' id='word_1_284' title='bbox 2289 3743 2385 3790; x_wconf 83' lang='lat' dir='ltr'><strong><em>qua</em></strong></span> <span class='ocrx_word' id='word_1_285' title='bbox 2420 3729 2743 3777; x_wconf 75' lang='lat' dir='ltr'><strong><em>coniunctivo</em></strong></span> 
     </span>
     <span class='ocr_line' id='line_1_36' title="bbox 526 3819 2742 3882; baseline -0.002 -13"><span class='ocrx_word' id='word_1_286' title='bbox 526 3822 652 3882; x_wconf 78' lang='lat' dir='ltr'><strong><em>perf.</em></strong></span> <span class='ocrx_word' id='word_1_287' title='bbox 688 3822 786 3880; x_wconf 84' lang='lat' dir='ltr'><strong><em>log.</em></strong></span> <span class='ocrx_word' id='word_1_288' title='bbox 827 3821 965 3869; x_wconf 79' lang='lat' dir='ltr'><strong><em>loeus</em></strong></span> <span class='ocrx_word' id='word_1_289' title='bbox 1015 3826 1118 3869; x_wconf 83' lang='lat' dir='ltr'><strong><em>erat</em></strong></span> <span class='ocrx_word' id='word_1_290' title='bbox 1166 3833 1428 3869; x_wconf 83' lang='lat' dir='ltr'><strong><em>concessus</em></strong></span> <span class='ocrx_word' id='word_1_291' title='bbox 1479 3819 1756 3880; x_wconf 83' lang='lat' dir='ltr'><strong><em>(sententia</em></strong></span> <span class='ocrx_word' id='word_1_292' title='bbox 1803 3821 1903 3868; x_wconf 79' lang='lat' dir='ltr'><strong><em>fere</em></strong></span> <span class='ocrx_word' id='word_1_293' title='bbox 1942 3825 2043 3871; x_wconf 72' lang='lat' dir='ltr'><strong><em>estz</em></strong></span> <span class='ocrx_word' id='word_1_294' title='bbox 2103 3823 2147 3868; x_wconf 77' lang='lat' dir='ltr'><strong><em>si</em></strong></span> <span class='ocrx_word' id='word_1_295' title='bbox 2182 3832 2432 3880; x_wconf 80' lang='lat' dir='ltr'><strong><em>umquam</em></strong></span> <span class='ocrx_word' id='word_1_296' title='bbox 2472 3819 2579 3866; x_wconf 84' lang='lat' dir='ltr'><strong><em>ullo</em></strong></span> <span class='ocrx_word' id='word_1_297' title='bbox 2616 3822 2742 3864; x_wconf 83' lang='lat' dir='ltr'><strong><em>tem-</em></strong></span> 
     </span>
     <span class='ocr_line' id='line_1_37' title="bbox 524 3907 1060 3973; baseline -0.002 -15"><span class='ocrx_word' id='word_1_298' title='bbox 524 3925 643 3973; x_wconf 82' lang='lat' dir='ltr'><strong><em>pore</em></strong></span> <span class='ocrx_word' id='word_1_299' title='bbox 682 3946 694 3960; x_wconf 89' lang='lat'><strong><em>.</em></strong></span> <span class='ocrx_word' id='word_1_300' title='bbox 735 3945 745 3956; x_wconf 90' lang='lat'><strong>.</strong></span> <span class='ocrx_word' id='word_1_301' title='bbox 785 3944 794 3956; x_wconf 92' lang='lat'><strong><em>.</em></strong></span> <span class='ocrx_word' id='word_1_302' title='bbox 827 3907 1060 3972; x_wconf 79' lang='lat' dir='ltr'><strong><em>fuerim).</em></strong></span> 
     </span>
    </p>

    <p class='ocr_par' dir='ltr' id='par_1_18' title="bbox 525 3991 2742 4232">
     <span class='ocr_line' id='line_1_38' title="bbox 700 3991 2742 4057; baseline -0.002 -14"><span class='ocrx_word' id='word_1_303' title='bbox 700 3995 742 4054; x_wconf 82' lang='lat'><strong><em>4)</em></strong></span> <span class='ocrx_word' id='word_1_304' title='bbox 774 3995 908 4057; x_wconf 70' lang='lat' dir='ltr'><strong><em>„Mic</em></strong></span> <span class='ocrx_word' id='word_1_305' title='bbox 944 3997 1129 4044; x_wconf 82' lang='lat' dir='ltr'><strong><em>Terenz</em></strong></span> <span class='ocrx_word' id='word_1_306' title='bbox 1165 3999 1283 4044; x_wconf 73' lang='lat' dir='ltr'><strong><em>tritt</em></strong></span> <span class='ocrx_word' id='word_1_307' title='bbox 1309 3997 1491 4053; x_wconf 69' lang='lat' dir='ltr'><strong><em>jedoch</em></strong></span> <span class='ocrx_word' id='word_1_308' title='bbox 1526 3997 1684 4044; x_wconf 75' lang='lat' dir='ltr'><strong><em>sehon</em></strong></span> <span class='ocrx_word' id='word_1_309' title='bbox 1718 3998 1802 4043; x_wconf 77' lang='lat' dir='ltr'><strong><em>ein</em></strong></span> <span class='ocrx_word' id='word_1_310' title='bbox 1830 3996 2144 4043; x_wconf 78' lang='lat' dir='ltr'><strong><em>Sohwanken</em></strong></span> <span class='ocrx_word' id='word_1_311' title='bbox 2177 3998 2275 4052; x_wconf 82' lang='lat' dir='ltr'><strong><em>ein,</em></strong></span> <span class='ocrx_word' id='word_1_312' title='bbox 2325 3995 2436 4042; x_wconf 80' lang='lat' dir='ltr'><strong><em>und</em></strong></span> <span class='ocrx_word' id='word_1_313' title='bbox 2482 3994 2569 4040; x_wconf 81' lang='lat' dir='ltr'><strong><em>der</em></strong></span> <span class='ocrx_word' id='word_1_314' title='bbox 2609 3991 2742 4039; x_wconf 75' lang='lat' dir='ltr'><strong><em>Con-</em></strong></span> 
     </span>
     <span class='ocr_line' id='line_1_39' title="bbox 525 4081 2742 4146; baseline -0.003 -12"><span class='ocrx_word' id='word_1_315' title='bbox 525 4088 727 4134; x_wconf 77' lang='lat' dir='ltr'><strong><em>iunctiv</em></strong></span> <span class='ocrx_word' id='word_1_316' title='bbox 769 4085 979 4145; x_wconf 72' lang='lat' dir='ltr'><strong><em>beyinnt</em></strong></span> <span class='ocrx_word' id='word_1_317' title='bbox 1014 4084 1128 4131; x_wconf 84' lang='lat' dir='ltr'><strong><em>dem</em></strong></span> <span class='ocrx_word' id='word_1_318' title='bbox 1153 4084 1417 4132; x_wconf 76' lang='lat' dir='ltr'><strong><em>Indicativ</em></strong></span> <span class='ocrx_word' id='word_1_319' title='bbox 1453 4086 1564 4133; x_wconf 77' lang='lat' dir='ltr'><strong><em>sein</em></strong></span> <span class='ocrx_word' id='word_1_320' title='bbox 1589 4084 1758 4132; x_wconf 78' lang='lat' dir='ltr'><strong><em>Gebiet</em></strong></span> <span class='ocrx_word' id='word_1_321' title='bbox 1789 4086 1985 4144; x_wconf 75' lang='lat' dir='ltr'><strong><em>streitiy</em></strong></span> <span class='ocrx_word' id='word_1_322' title='bbox 2019 4097 2084 4131; x_wconf 78' lang='lat' dir='ltr'><strong><em>zu</em></strong></span> <span class='ocrx_word' id='word_1_323' title='bbox 2108 4084 2370 4132; x_wconf 74' lang='lat' dir='ltr'><strong><em>machon.“</em></strong></span> <span class='ocrx_word' id='word_1_324' title='bbox 2410 4082 2557 4146; x_wconf 79' lang='lat' dir='ltr'><strong><em>(Soh</em></strong></span> <span class='ocrx_word' id='word_1_325' title='bbox 2578 4094 2623 4127; x_wconf 91' lang='lat' dir='ltr'><strong><em>m</em></strong></span> <span class='ocrx_word' id='word_1_326' title='bbox 2643 4081 2742 4127; x_wconf 80' lang='lat' dir='ltr'><strong><em>alz</em></strong></span> 
     </span>
     <span class='ocr_line' id='line_1_40' title="bbox 527 4164 1745 4232; baseline -0.001 -12"><span class='ocrx_word' id='word_1_327' title='bbox 527 4172 582 4220; x_wconf 88' lang='lat' dir='ltr'><strong><em>in</em></strong></span> <span class='ocrx_word' id='word_1_328' title='bbox 622 4170 820 4221; x_wconf 78' lang='lat' dir='ltr'><strong><em>Handb.</em></strong></span> <span class='ocrx_word' id='word_1_329' title='bbox 860 4170 909 4221; x_wconf 89' lang='lat' dir='ltr'><strong><em>d.</em></strong></span> <span class='ocrx_word' id='word_1_330' title='bbox 945 4171 1015 4218; x_wconf 85' lang='lat' dir='ltr'><strong><em>kl.</em></strong></span> <span class='ocrx_word' id='word_1_331' title='bbox 1052 4171 1391 4219; x_wconf 83' lang='lat' dir='ltr'><strong><em>Altertumsw.</em></strong></span> <span class='ocrx_word' id='word_1_332' title='bbox 1428 4174 1475 4220; x_wconf 94' lang='lat'><strong><em>11</em></strong></span> <span class='ocrx_word' id='word_1_333' title='bbox 1512 4185 1562 4232; x_wconf 85' lang='lat' dir='ltr'><strong><em>p.</em></strong></span> <span class='ocrx_word' id='word_1_334' title='bbox 1600 4164 1745 4232; x_wconf 77' lang='lat'>348).</span> 
     </span>
    </p>
   </div>
  </div>
 </body>
</html>
