3116 4790
1570 331 1652 407 46

495 530 647 596 fecti
681 553 804 596 non
835 541 1005 615 sunt,
1046 532 1285 618 partim
1327 532 1603 621 denique
1643 556 1725 600 ex
1762 537 2128 604 coniectura
2164 538 2480 606 editorum
2529 542 2722 629 origi-

497 654 641 698 nem
685 632 947 701 ducunt.

665 737 877 821 Atque
908 734 1281 800 codicum
1316 738 1619 800 memoria
1648 739 1956 804 eiusmodi
1980 740 2101 806 loei
2136 742 2359 807 traditi
2386 754 2536 808 sunt
2570 753 2721 826 tren,

496 837 608 924 qui
648 837 822 922 apud
865 837 1242 902 Plautum
1288 838 1627 924 leguntur:
1694 864 1776 906 ex
1828 843 1916 907 eis
1961 867 2126 909 unus
2182 854 2278 910 est
2317 846 2723 932 corruptissi-

493 963 655 1023 muS,
700 942 896 1006 ceteri
940 962 979 1004 a
1021 940 1255 1005 Plauto
1302 943 1523 1029 scripti
1565 965 1692 1008 non
1734 955 1896 1010 sunt.

668 1046 722 1106 1.
769 1041 1306 1128 Corruptissimus
1349 1042 1455 1107 ille
1497 1043 1672 1110 loeus
1707 1057 1802 1110 est
1838 1047 2214 1112 Truculenti
2247 1072 2314 1113 v.
2346 1048 2489 1114 629.
2531 1048 2715 1114 Libri

495 1145 636 1231 (vv.
682 1145 805 1210 6:28
851 1147 970 1231 sq.)
1017 1144 1316 1210 exhibent
1358 1146 1519 1211 haee
1563 1147 1922 1213 litterarum
1966 1158 2280 1213 monstra:

668 1245 790 1313 Sed
833 1235 1057 1311 verum
1099 1246 1236 1311 sine
1276 1246 1424 1311 dum
1452 1251 1669 1331 petere
1696 1248 1754 1313 si
1789 1248 2036 1333 quidem
2086 1248 2575 1336 beltiyerandum
2634 1255 2722 1316 est

497 1354 694 1416 tecum
738 1352 851 1416 abo
875 1350 926 1436 1)
971 1349 1219 1413 domum
1263 1369 1370 1435 eqo
1401 1353 1601 1414 tecum
1636 1351 1892 1416 bellator
1927 1352 2237 1417 arbitrum
2272 1373 2492 1418 aecum
2505 1352 2555 1435 2)
2601 1376 2632 1417 c
2651 1373 2720 1419 e-

487 1457 774 1538 perim.
822 1454 1019 1519 Vides
1063 1453 1268 1518 verba
1310 1463 1489 1518 tanto
1532 1475 1725 1539 opere
1780 1475 1914 1518 esse
1956 1454 2350 1520 conturbata
2392 1465 2454 1521 et
2496 1456 2723 1521 obseu-

496 1565 665 1639 rata,
728 1565 801 1621 ut
859 1555 958 1620 hie
1016 1555 1271 1641 quidem
1328 1554 1503 1620 loeus
1562 1556 1767 1619 omni
1822 1555 2239 1640 probandi
2294 1557 2376 1622 vi
2419 1565 2720 1637 eareat.

494 1660 758 1725 Praeter
817 1659 973 1723 alios
1028 1659 1258 1725 multos
1315 1661 1507 1724 etiam
1549 1659 1821 1744 Madvig
1874 1659 1914 1725 l.
1972 1683 2021 1728 s,
2058 1682 2127 1723 .s.
2185 1683 2247 1746 p.
2312 1660 2435 1725 100
2493 1659 2723 1725 adnot.

494 1783 750 1826 versum
791 1760 916 1825 629
962 1764 1180 1845 aperte
1222 1760 1640 1845 depravatum
1683 1784 1813 1828 esse
1856 1762 2119 1827 iudicat.
2193 1761 2439 1829 Schoell
2482 1771 2721 1844 autem,

495 1864 963 1930 recentissimus
1031 1863 1258 1946 editor,
1325 1865 1704 1930 sententiam
1770 1864 1853 1928 ad
1922 1864 2424 1950 intellegendum
2491 1864 2713 1929 saltem

501 1977 794 2054 apertam
839 1966 928 2030 sie
972 1966 1209 2030 effecit:

620 2067 741 2134 Sed
779 2087 1004 2132 verum
1044 2068 1180 2131 sine
1220 2087 1318 2132 me
1362 2064 1511 2131 dum
1544 2071 1783 2151 petere,
1822 2072 1881 2133 si
1920 2069 2170 2155 quidem
2213 2069 2355 2135 hezli
2389 2086 2623 2154 qeran-

1986 2171 2193 2255 damst
2232 2175 2468 2236 tecum:

625 2270 941 2337 Abdomen
984 2289 1141 2351 seco,
1184 2269 1301 2351 ni,
1343 2270 1620 2352 bellator,
1675 2273 1985 2338 arbitrum
2028 2292 2294 2356 aequom
2337 2271 2676 2358 ceperis·

666 2373 816 2455 Qua
846 2373 1115 2439 lectione
1145 2371 1420 2438 efficitur
1456 2375 1860 2441 enuntiatum
1896 2375 2499 2443 condicionale.
2544 2375 2724 2442 Oete·

494 2500 638 2544 rum
684 2480 796 2544 vix
847 2500 1149 2565 umquam
1189 2478 1332 2563 ipsa
1375 2476 1580 2541 verba
1620 2477 1926 2543 Plautina
1967 2500 2079 2544 nos
2113 2500 2496 2565 recuperare
2538 2498 2723 2563 posse

495 2591 692 2668 patet.
2041 2597 2044 2598 ’

661 2684 720 2752 2.
767 2682 992 2763 Quare
1051 2680 1289 2747 relictis
1332 2680 1431 2744 his
1472 2679 1884 2746 librariorum
1937 2681 2193 2767 ineptiis
2235 2680 2587 2745 seeundum
2628 2679 2717 2744 lo-

497 2808 644 2852 eum
688 2796 1070 2874 spectemuS,
1133 2785 1243 2872 qui
1286 2793 1381 2848 est
1420 2783 1483 2846 in
1524 2780 1943 2867 Captivorum
1987 2782 2328 2847 Plautinae
2370 2779 2716 2868 prologo

493 2895 580 2970 (v.
625 2890 766 2972 53):
812 2888 934 2956 Sed
971 2888 1214 2953 etiamst
1239 2886 1494 2971 paucio,
1533 2905 1648 2949 vos
1682 2883 1845 2968 quod
1879 2885 2142 2948 monitos
2182 2885 2513 2952 voluerim.
2554 2883 2710 2947 Pro·
2822 2960 2832 2971 ·

498 2992 674 3078 logos
719 3001 931 3056 autem
973 2989 1323 3070 Plautinos,
1386 2986 1607 3073 quales
1649 2985 1904 3072 quidem
1948 2985 2131 3050 nobis
2177 2995 2325 3050 sunt
2369 2983 2612 3065 traditi,
2677 3003 2717 3045 a

497 3092 732 3158 Plauto
778 3115 905 3157 non
956 3113 1090 3156 esse
1132 3090 1446 3176 profectos
1489 3089 1653 3153 inter
1695 3111 1909 3154 omnes
1952 3099 2220 3155 constat.
2297 3088 2512 3175 Atque
2555 3085 2715 3150 adeo

495 3218 577 3261 ex
632 3197 769 3282 ipso
828 3203 1043 3260 nostro
1103 3193 1364 3279 prolo'go
1423 3192 1558 3258 eius
1611 3192 1704 3256 rei
1748 3200 2195 3277 argumentum
2234 3191 2368 3277 peti
2409 3187 2567 3254 solet
2614 3185 2717 3254 vel

494 3297 945 3383 gravissimum
977 3299 1084 3376 (ex
1118 3320 1227 3361 vv.
1260 3297 1331 3360 11
1374 3296 1568 3381 sqq.):
1612 3295 1822 3383 quode
1851 3295 2137 3360 conferre
2172 3293 2320 3359 lieet
2356 3293 2520 3356 inter
2558 3289 2716 3355 alios

495 3397 792 3463 Brixium
815 3397 863 3478 3)
906 3397 1033 3481 (ed.
1077 3396 1277 3483 praef.
1320 3421 1380 3483 p.
1428 3398 1510 3477 5).
1594 3399 1806 3485 Atque
1865 3398 2057 3462 etiam
2116 3404 2402 3461 nostrum
2458 3414 2717 3459 versum

496 3521 538 3562 a
579 3499 809 3565 Plauto
854 3499 1132 3565 alienum
1184 3521 1319 3586 esse
1371 3498 1535 3563 dueo
1558 3498 1630 3579 4).
1714 3499 1880 3564 Nam
1922 3498 2199 3584 primum
2243 3518 2389 3562 cum
2429 3495 2717 3582 prologo-

677 3776 717 3835 ¹)
756 3777 843 3828 Sio
877 3779 947 3838 B3
987 3778 1081 3826 Ibo
1118 3779 1315 3840 reliqui.

671 3864 718 3926 2)
756 3866 837 3916 Sic
873 3867 945 3925 133
987 3868 1152 3928 aequo.
1187 3865 1238 3915 Ο.

666 3951 711 4012 ⁸)
749 3952 846 4001 Cur
882 3953 1013 4001 hune
1048 3954 1347 4001 nominatim
1384 3954 1620 4014 adferam,
1660 3955 1791 4001 infra
1825 3955 2099 4016 apparebit.

668 4041 711 4101 4)
748 4043 942 4091 Iustum
978 4043 1180 4091 modum
1200 4043 1399 4091 videtur
1421 4045 1664 4091 transisse
1701 4044 1995 4091 Martius
2032 4042 2386 4101 (Quaestionem
2409 4039 2714 4101 Plautinae),

372 4203 378 4210 ι
495 4134 582 4194 qul
623 4131 822 4196 Capt„
861 4132 1060 4195 Amph„
1100 4133 1268 4195 Poen„
1310 4132 1555 4181 Rudentis
1595 4132 1828 4194 prologos
1864 4133 2010 4193 plane
2047 4146 2073 4177 a
2101 4130 2280 4178 Plauto
2318 4129 2640 4179 abiudicavit.
