3116 4790
1659 367 1745 430 64

771 588 828 632 a.
875 569 941 632 in
986 566 1435 650 comprecandi
1484 567 1806 632 formulis:
1874 568 2084 636 Plaut.
2134 570 2369 639 Bacch.
2415 572 2561 652 468,
2615 573 2816 642 Merc.

874 668 1017 732 3⁶23.
1054 668 1180 732 613
1214 670 1322 751 (rie
1356 668 1423 732 di
1449 669 1713 733 siverint
1752 692 1799 732 s.
1837 674 2106 752 seirint),
2147 672 2331 739 Ourc.
2369 673 2447 736 27
2487 672 2632 756 (nec
2666 673 2818 738 sirit

878 768 1229 857 Iuppiter)3

765 872 827 939 b.
873 874 940 937 in
983 871 1295 938 vetando:
1341 872 1587 936 Pacuv.
1626 871 1741 935 2Ο1
1794 872 1870 938 R.
1909 875 2060 954 (neu
2097 928 2109 942 .
2151 926 2165 939 .
2203 873 2389 939 sieris
2433 926 2449 943 .
2496 927 2510 942 .
2554 876 2816 943 divm-

867 976 1053 1057 vier),
1089 974 1248 1039 Cato
1282 974 1345 1037 d.
1374 994 1510 1057 agr.
1536 974 1578 1037 4
1606 974 1713 1056 (ne
1739 974 1972 1039 siveris
1989 977 2310 1060 peecare),
2346 975 2560 1042 Plaut.
2578 976 2812 1043 Bacch.

876 1077 1021 1157 402,
1069 1075 1257 1161 Epid.
1293 1076 1442 1156 400,
1486 1075 1674 1144 Most.
1719 1075 1836 1139 401
1891 1077 2069 1156 (cave
2111 1077 2344 1141 siveris
2386 1100 2433 1143 s,
2478 1079 2729 1160 seiris);

777 1202 832 1245 c.
877 1176 1404 1264 praecedentibus
1448 1182 1519 1241 ut
1560 1177 1662 1242 vel
1709 1197 1785 1241 ne
1826 1178 2164 1264 particulis
2206 1179 2419 1247 Plaut.
2454 1182 2647 1247 Poen.
2691 1181 2816 1245 953

873 1282 1184 1361 (veneror,
1230 1282 1301 1342 ut
1331 1330 1345 1345 .
1390 1331 1403 1344 .
1443 1329 1456 1344 .
1493 1277 1748 1359 siritis),
1789 1278 1969 1348 Trin.
2014 1280 2130 1344 521
2181 1280 2346 1364 (dico
2393 1301 2467 1346 ne
2506 1286 2576 1345 tu
2617 1280 2814 1347 illunc

875 1399 1101 1465 ayrwm
1136 1385 1304 1443 tuom
1343 1379 1535 1443 seiris
1565 1400 1867 1462 umquam
1891 1380 2103 1463 fieri),
2148 1381 2308 1447 Cato
2335 1383 2395 1451 d.
2425 1404 2563 1467 agr.
2592 1380 2817 1463 (Mars

865 1486 1059 1565 pater
1102 1486 1160 1545 te
1191 1501 1426 1564 precor
1473 1532 1487 1547 .
1537 1534 1550 1548 .
1599 1534 1612 1547 .
1655 1486 1724 1545 ut
1765 1486 1834 1545 tu
1855 1482 2094 1567 fruyes
2132 1530 2146 1545 .
2191 1533 2206 1546 .
2253 1530 2268 1547 .
2298 1482 2605 1568 yrandire
2646 1485 2816 1548 bene-

876 1602 994 1665 que
1037 1585 1287 1646 evenire
1328 1581 1520 1661 siris;
1562 1582 1641 1648 cf.
1688 1582 1935 1648 Luebb.
1978 1583 2031 1646 Ι.
2080 1582 2206 1663 32.)

733 1685 788 1749 9.
835 1684 1042 1749 Lucil.
1101 1683 1184 1765 V,
1244 1684 1315 1746 11
1383 1681 1601 1748 Muell.
1661 1687 1730 1746 ut
1789 1685 2064 1766 periisse
2117 1683 2297 1764 velis,
2370 1703 2550 1767 quem
2605 1687 2818 1750 visere

830 1782 1242 1863 nolueris,
1312 1802 1451 1847 cum
1514 1781 1839 1847 debueris:
1908 1784 2019 1847 hoc
2077 1784 2358 1849 nolueris
2416 1789 2471 1848 et
2526 1784 2816 1851 debueris

829 1909 882 1950 e.
927 1909 984 1970 q.
1031 1907 1080 1950 e.

749 1989 885 2053 Aut
931 1985 1212 2050 nolueris
1253 1993 1349 2048 est
1391 1985 1682 2051 futurum
1733 1995 2052 2068 exactum,
2097 1995 2211 2050 aut
2244 1987 2687 2052 coniunctivus
2730 2009 2817 2051 ex

578 2090 986 2154 ‘attractione
1029 2087 1378 2151 modorum’
1422 2098 1601 2152 ortus
1646 2098 1758 2152 est.
1825 2089 2153 2165 (Fortasse
2197 2098 2408 2152 tamen
2446 2088 2567 2153 hoc
2604 2111 2819 2153 exem-

580 2190 756 2274 plum
803 2188 887 2252 ad
932 2187 1284 2272 perfectum
1328 2186 1609 2271 logicum
1654 2188 2055 2256 referendum
2099 2192 2240 2270 est.)

750 2289 1045 2374 Denique
1090 2288 1168 2352 de
1211 2289 1416 2354 forma
1443 2288 1618 2370 faxo
1654 2311 1799 2354 cum
1840 2291 2246 2358 coniunctivo
2289 2289 2553 2375 perfecti
2593 2291 2811 2355 iuncto

580 2390 897 2478 quaedam
956 2389 1294 2455 adicienda
1352 2400 1516 2457 sunt.
1598 2391 1811 2476 Atque
1868 2391 2139 2477 Madvig
2197 2390 2238 2456 l.
2281 2414 2329 2460 s.
2373 2414 2421 2455 s.
2478 2415 2538 2477 p.
2587 2392 2664 2456 78
2717 2415 2811 2477 sq.

577 2492 1107 2559 verisimillimum
1148 2491 1431 2556 reddidit
1454 2491 1634 2573 faxo
1677 2513 1923 2577 semper
1967 2515 2112 2558 cum
2156 2493 2639 2559 indicativo
2683 2493 2767 2557 fu
2789 2529 2814 2539 -

576 2596 756 2660 turi
817 2592 1138 2673 exacti,
1202 2613 1552 2677 numquam
1615 2614 1760 2660 cum
1822 2593 1981 2677 perf.
2041 2595 2443 2659 coniunctivo
2488 2595 2811 2680 coniungi.

576 2698 746 2762 Sane
788 2718 904 2782 pro
951 2693 1288 2779 explorato
1331 2693 1397 2757 id
1442 2714 1564 2758 non
1612 2694 1945 2775 habemus,
2012 2695 2183 2780 quod
2228 2696 2589 2782 exemplum
2632 2697 2844 2781 pri-2

575 2821 747 2862 mae
814 2817 1125 2882 personae
1187 2793 1454 2878 deest1).
1554 2794 1680 2859 Sed
1738 2795 1890 2881 poni
1947 2818 2183 2881 posse
2240 2796 2811 2863 indicativum

574 2899 800 2980 (futuri
862 2896 1101 2977 exacti)
1162 2896 1366 2960 futuri
1400 2895 1734 2981 ¹simplicis
1795 2895 2101 2982 exemplis
2155 2897 2486 2983 probatur.
2592 2899 2810 2985 Atque

577 3002 738 3065 adeo
784 2998 984 3063 multo
1031 2998 1272 3062 maiore
1317 2998 1456 3061 veri
1497 2997 1709 3082 specie
1755 2997 2156 3082 agnoscimus
2199 2998 2619 3065 indicativum
2662 2999 2808 3081 (fut.

573 3106 701 3180 ex.)
760 3122 955 3186 quam
1017 3099 1498 3164 coniunctivum
1554 3099 1793 3185 (perf.):
1864 3121 2012 3163 nam
2072 3100 2602 3166 indicativus
2660 3100 2808 3182 (fut.

574 3204 804 3289 simpl.)
863 3205 1046 3266 tanta
1104 3201 1542 3286 exemplorum
1606 3202 1968 3288 frequentia
2022 3213 2288 3289 superat
2330 3205 2811 3268 coniuncti-

573 3325 759 3371 vum
803 3304 1068 3387 (praes.)
1091 3301 1158 3383 ²),
1203 3311 1275 3366 ut
1305 3302 1579 3387 Madvig
1624 3303 1878 3387 quidem
1924 3305 2163 3391 ubique
2205 3306 2498 3370 futurum
2532 3305 2807 3390 simplex

571 3411 713 3493 (pro
765 3426 973 3491 praes.
1028 3406 1220 3487 coni.)
1276 3407 1612 3470 restituere
1656 3416 1924 3472 conatus
1969 3408 2069 3475 sit.
2158 3406 2309 3486 Qua
2351 3409 2420 3473 in
2462 3430 2534 3472 re
2576 3409 2696 3473 etsi
2737 3430 2808 3473 se

568 3509 707 3593 ipse
745 3507 1005 3575 videtur
1043 3528 1179 3572 esse
1213 3507 1561 3571 frustratus
1587 3506 1657 3588 3),
1702 3517 1916 3573 tamen
1960 3508 2171 3574 nescio
2216 3530 2298 3572 an
2344 3518 2604 3594 propter
2648 3509 2807 3573 fre-

750 3720 789 3780 1)
825 3723 1068 3785 Exempla
1104 3723 1202 3772 huc
1237 3725 1550 3787 pertinentia
1591 3730 1738 3774 suntz
1798 3724 1966 3773 Plaut.
2007 3724 2122 3772 Aul.
2163 3726 2279 3783 578,
2321 3721 2458 3784 Gapt.
2498 3726 2615 3783 801,
2668 3722 2803 3772 Men.

575 3799 695 3869 521,
732 3809 883 3859 Poen.
926 3812 949 3857 1
987 3813 1034 3871 2,
1078 3811 1173 3857 133
1211 3810 1384 3872 (346),
1422 3811 1560 3861 Tun.
1599 3813 1679 3859 60.

746 3895 790 3955 2)
825 3889 1033 3957 Madvig
1068 3899 1102 3946 l.
1141 3911 1178 3946 s.
1218 3912 1256 3947 s.
1293 3912 1345 3961 p.
1386 3902 1446 3946 77
1489 3904 1594 3948 not.
1636 3901 1683 3959 2,
1727 3900 1979 3948 Luebbert
2015 3899 2037 3945 1
2074 3912 2124 3961 p.
2173 3902 2263 3946 101
2305 3910 2378 3959 sq.

752 3984 796 4043 8)
835 3985 967 4034 Vide
1008 3985 1066 4033 G.
1103 3986 1463 4047 Hermann,
1502 3986 1577 4034 De
1615 3989 1686 4035 10.
1723 3986 1834 4039 Nic.
1874 3986 2119 4046 Madvigii
2147 3987 2560 4049 interpretatione
2587 3997 2805 4046 querun-

571 4070 684 4119 dam
737 4074 878 4121 verbi
926 4072 1078 4121 latini
1136 4074 1403 4122 formarum
1460 4070 1648 4135 (progr.
1686 4076 1830 4136 Lips.
1867 4090 1909 4124 a.
1954 4074 2103 4131 1843)
2152 4087 2201 4135 p.
2250 4077 2323 4134 13,
2375 4073 2802 4136 Fleckeisen,

573 4160 765 4209 Phnol.
807 4162 854 4211 11
898 4161 1081 4226 (1847)
1119 4178 1169 4224 p.
1214 4164 1310 4211 102
1348 4175 1454 4223 sqq.
