3116 4790
1463 363 1548 432 39

565 571 884 636 Nimirum
928 569 1088 636 haec
1140 592 1363 637 norma
1416 581 1488 635 ut
1530 571 1615 635 ad
1660 572 1870 635 omnia
1913 571 2100 637 verbi
2144 581 2458 657 tempora,
2525 570 2617 636 sic

397 672 481 737 ad
517 672 858 736 futurum
902 680 1257 737 exactum
1298 674 1604 758 pertinet:
1648 674 2123 739 coniunctivi
2160 681 2375 737 autem
2410 672 2617 737 futuri

396 774 609 839 exacti
647 775 786 839 vice
816 774 1000 858 fungi
1033 774 1100 837 in
1140 773 1265 838 illis
1301 775 1380 838 de
1423 773 1657 861 quibus
1692 776 2022 861 quaeritur
2066 776 2409 840 structuris
2445 796 2611 863 per-

397 876 587 942 fecti
637 876 1212 943 coniunctivum
1263 877 1515 944 scimus.
1602 876 1726 941 Sed
1767 876 2274 942 indicativum
2317 885 2618 961 paratac-

398 979 523 1044 tico
585 1000 759 1043 more
817 979 1081 1043 retineri
1136 1000 1318 1065 posse
1376 1001 1460 1043 ex
1518 979 1640 1044 hoc
1682 980 1973 1066 exemplo
2017 979 2315 1044 Plautino
2368 977 2617 1044 elucere

394 1079 552 1143 mihi
593 1078 881 1144 videtur:
955 1079 1089 1147 Mil.
1133 1080 1258 1145 453
1298 1084 1357 1145 te
1397 1098 1711 1165 nusquam
1752 1081 2012 1163 mittam,
2064 1081 2193 1145 nisi
2236 1080 2353 1146 das
2380 1079 2613 1163 firma·

392 1186 524 1247 tam
550 1180 774 1264 fidem,
818 1185 877 1246 te
916 1181 1057 1264 huc,
1100 1183 1157 1246 si
1201 1183 1555 1266 omisero,
1596 1184 1764 1249 intro
1802 1184 2060 1250 itwram.

560 1285 694 1351 Nec
739 1294 949 1350 tamen
993 1286 1404 1352 statuendum
1448 1297 1544 1351 est
1584 1287 1979 1352 ‘attractioni
2009 1285 2360 1350 modorum'
2405 1283 2615 1349 locum

394 1384 648 1465 omnino
686 1409 812 1452 non
852 1387 1049 1453 fuisse
1092 1409 1494 1453 concessum:
1534 1411 1683 1453 nam
1731 1410 1807 1453 ea
1849 1410 1889 1453 a
1932 1389 2157 1474 priscis
2189 1385 2616 1473 scriptoribus

392 1510 797 1576 nequaquam
850 1499 946 1553 est
999 1490 1207 1554 aliena
1229 1491 1293 1569 1).
1392 1488 1526 1555 Ubi
1587 1491 1786 1575 igitur
1845 1489 2290 1554 coniunctivus
2350 1488 2616 1575 perfecti

389 1591 455 1655 in
492 1591 664 1655 illius
704 1592 880 1656 modi
912 1593 1259 1657 enuntiatis
1294 1602 1527 1675 exstat,
1569 1593 1838 1657 haereas
1876 1602 2093 1657 utrum
2131 1591 2613 1657 coniunctivum

399 1716 529 1759 esse
572 1695 1128 1780 potentialem
1186 1716 1268 1759 an
1327 1696 1853 1760 attractione
1895 1692 2315 1758 modorum
2357 1690 2613 1756 effec-

395 1805 558 1860 tum
603 1804 802 1882 putes.
878 1795 1178 1881 Augetur
1213 1806 1429 1862 autem
1465 1795 1815 1861 difficultas
1848 1817 1943 1878 e0,
1989 1792 2159 1881 quod
2207 1831 2282 1840 —
2322 1815 2362 1858 a
2404 1795 2613 1881 prima

396 1920 668 1984 persona
712 1899 765 1962 si
810 1898 1172 1963 discesseris
1211 1936 1286 1948 —
1321 1901 1713 1967 indicativus
1754 1901 1869 1965 fut.
1913 1922 2013 1966 ex.
2058 1904 2122 1965 et
2166 1899 2612 1970 coniunctivus

391 2002 551 2087 perf.
607 2002 900 2066 formis
960 2024 1083 2066 nou
1142 2002 1464 2068 differunt.
1551 2002 1704 2083 Qua
1762 2003 1842 2068 de
1898 2023 2098 2067 causa
2159 2021 2611 2087 saepenumero

389 2102 565 2168 ultra
620 2126 744 2190 quo
797 2104 1314 2190 progrediamur,
1381 2127 1577 2191 quam
1634 2113 1707 2170 ut
1762 2104 1901 2170 veri
1955 2104 2287 2170 videamus
2360 2102 2612 2185 similia,

392 2228 515 2271 non
559 2205 888 2274 habemus.
957 2204 1467 2272 Consentaneum
1506 2215 1717 2271 tamen
1757 2215 1850 2270 est
1884 2228 2130 2294 semper
2165 2208 2233 2272 in
2270 2207 2357 2271 eis
2394 2227 2611 2270 secun·

389 2308 585 2376 dariis
622 2308 969 2373 enuntiatis
1003 2308 1545 2374 condicionalibus
1577 2309 2056 2376 coniunctivum
2093 2311 2353 2397 requiri,
2399 2308 2512 2373 ubi
2554 2308 2608 2372 is

389 2411 501 2497 qui
557 2410 843 2497 loquitur
902 2433 1027 2476 non
1080 2432 1218 2494 sua,
1280 2413 1391 2477 sed
1435 2412 1600 2476 alius
1645 2411 1914 2477 hominis
1958 2412 2134 2477 dicta
2178 2412 2281 2480 vel
2324 2413 2609 2498 cogitata

386 2512 650 2600 obliqua
681 2514 968 2579 oratione
991 2514 1209 2596 refert,
1236 2513 1417 2580 velut
1435 2512 1666 2580 Bacch.
1697 2515 1822 2579 669
1853 2512 2021 2592 Quid
2048 2513 2254 2578 dixit?
2281 2516 2312 2596 ΙΙ
2342 2513 2603 2596 [Dima]

383 2617 443 2681 si
479 2619 551 2681 tu
604 2616 787 2682 illum
821 2602 1010 2683 sole’m
1043 2617 1163 2683 sibi
1202 2617 1391 2681 solem
1427 2635 1563 2681 esse
1604 2615 1903 2682 dixeris
1945 2619 2129 2697 (coni.
2176 2617 2383 2702 perf.),
2424 2637 2492 2681 se
2531 2616 2607 2683 il-

353 2720 517 2784 'lum
561 2720 777 2786 lunam
817 2719 1070 2786 credere
1112 2740 1245 2785 esse
1287 2724 1345 2785 et
1384 2722 1619 2785 noctem
1661 2724 1771 2802 qui
1815 2738 1980 2784 nunc
2024 2723 2114 2783 est
2130 2718 2178 2799 ²)
2224 2718 2375 2788 dies.

561 2995 599 3056 ¹)
637 2997 787 3046 Velut
834 2998 1114 3058 particulae
1165 3013 1316 3061 quom
1351 3012 1440 3061 per
1476 3013 1529 3047 se
1569 2998 1904 3047 indicativum
1954 2997 2086 3061 apud
2136 3000 2329 3061 priscos
2379 2999 2604 3058 exigenti

382 3086 733 3135 coniunctivus
757 3085 1009 3135 interdum
1036 3086 1333 3147 adiungitur
1356 3092 1563 3150 propter
1581 3089 1954 3135 coniunctivum
1977 3088 2205 3147 proxime
2229 3086 2606 3135 antecedentem

381 3174 466 3221 vel
500 3176 649 3223 etiam
688 3174 1097 3235 subsequentem:
1140 3174 1406 3234 Lnebbert‚
1437 3175 1655 3223 Gramm.
1683 3174 1823 3226 stud.
1856 3177 1919 3223 11.
1956 3175 2075 3234 (Die
2100 3175 2294 3236 Syntax
2331 3188 2426 3222 von
2455 3189 2607 3238 quom

382 3263 421 3311 1.
456 3263 542 3311 alt.
579 3264 707 3322 Lat.)
745 3280 793 3327 p.
835 3266 918 3313 86.
951 3265 1062 3311 126.
1097 3265 1205 3311 130.
1244 3268 1354 3313 138.
1407 3266 1477 3313 In
1502 3265 1796 3313 finitivi
1837 3270 2088 3314 structura
2113 3264 2463 3312 coniunctivus
2490 3269 2605 3324 post

383 3365 535 3414 quom
571 3353 872 3414 particulam
909 3353 1116 3400 effectus
1155 3356 1231 3400 est
1266 3366 1308 3400 e.
1348 3366 1395 3414 g.
1435 3353 1550 3403 Ter.
1588 3351 1924 3399 Phora-927
1964 3353 2091 3404 (non
2140 3356 2213 3399 est
2264 3366 2479 3414 aequom
2525 3366 2604 3399 me

376 3445 586 3503 propter
619 3455 710 3490 voe
737 3441 920 3504 decipi,
959 3455 1112 3504 quom
1148 3456 1235 3503 eqo
1258 3443 1425 3489 vostri
1447 3442 1660 3489 honoris
1685 3454 1846 3489 eausa
1868 3440 2145 3499 repudium
2169 3440 2362 3489 alterae
2395 3443 2559 3489 remi
2577 3465 2602 3475 -

380 3532 627 3589 ocrim).
663 3528 886 3577 Eandem
913 3529 1260 3578 attractionem
1283 3528 1395 3575 fleri
1424 3527 1657 3576 videmus
1680 3543 1722 3577 e.
1748 3542 1795 3588 g.
1826 3528 1879 3575 in
1907 3528 2183 3576 enuntiatis
2224 3542 2245 3574 r
2263 3542 2288 3576 e
2309 3527 2324 3574 1
2346 3527 2491 3574 ativ
2509 3527 2529 3574 i
2548 3539 2599 3575 st

381 3618 507 3666 conf.
563 3617 686 3665 Brix
736 3616 799 3664 ad
848 3617 1015 3667 Plaut.
1069 3614 1214 3678 Oapt.
1261 3631 1308 3667 V.
1364 3618 1464 3665 205
1519 3619 1586 3671 (si
1623 3649 1634 3661 .
1675 3651 1689 3665 .
1729 3653 1741 3666 .
1778 3617 1969 3665 solutos
2015 3618 2171 3674 sinat,
2225 3628 2344 3677 quos
2394 3618 2602 3674 arqento

380 3708 637 3760 emerit)
686 3711 737 3753 et
772 3703 835 3751 ad
870 3704 979 3753 Mil.
1019 3720 1067 3753 v,
1107 3706 1207 3751 426
1244 3705 1411 3764 (Quin
1444 3719 1530 3766 690
1569 3705 1659 3753 hoc
1692 3719 1881 3766 royem,
1930 3705 2065 3767 quod
2116 3705 2462 3753 nesciam?
2511 3702 2600 3749 ubi

381 3794 428 3842 ia
468 3793 556 3854 qui
594 3793 823 3853 loquitur
864 3806 915 3840 re
953 3807 1071 3841 vera
1107 3794 1268 3840 nescit
1306 3792 1374 3852 id,
1414 3792 1546 3853 qnod
1586 3799 1727 3852 rogat
1763 3794 2009 3849 alterum).

554 3878 601 3939 2)
637 3879 946 3928 Indicativus
986 3884 1097 3934 (est)
1136 3881 1433 3928 offensionis
1482 3880 1614 3928 nihil
1663 3881 1826 3942 habet,
1880 3881 2113 3943 quoniam
2168 3878 2361 3939 aliquid
2399 3893 2452 3926 re
2488 3891 2600 3926 vera

386 3975 589 4016 exstans
626 3967 776 4022 (dies)
816 3969 1141 4031 significatur.
1192 3967 1370 4017 Contra
1398 3967 1527 4017 illud
1552 3969 1739 4019 dixeris
1759 3983 1821 4017 ex
1846 3970 2010 4016 animo
2049 3969 2257 4017 alterius
2294 3973 2370 4017 est
2394 3967 2599 4015 dictum.
