3116 4790
1624 371 1667 440 4

524 603 718 668 quam
775 581 1014 666 optime
1073 580 1644 664 syntacticam
1699 580 1830 644 vim
1888 578 2144 643 illarum
2202 580 2555 646 formarum
2614 602 2757 646 con·

526 684 762 750 venire.
847 682 1169 747 Pleniores
1228 690 1442 745 autem
1497 682 1741 745 formae
1798 681 1882 745 ad
1942 682 2302 766 perfectum
2356 684 2423 746 in
2475 684 2557 748 ·3i
2612 707 2751 770 per-

524 784 794 849 tinentes
839 781 1044 863 (velut
1085 781 1384 861 dixerim)
1420 781 1515 844 'ad
1565 781 1935 866 analogiam
1992 783 2382 849 coniunctivi
2428 786 2569 851 veri
2611 806 2753 869 per-

522 885 671 948 fecti
706 884 1009 949 videntur
1044 892 1235 948 natae
1270 905 1405 948 esse
1428 883 1495 964 1).
1553 884 1678 949 Sed
1714 893 1859 949 utut
1886 885 1965 948 de
2000 886 2155 969 ipsis
2190 885 2455 950 formis
2486 886 2755 966 iudicas,

524 986 644 1050 hoc
698 987 920 1072 utique
975 986 1318 1051 tenendum
1378 996 1471 1050 est
1525 1009 1775 1072 semper
1832 988 2071 1051 formas
2133 987 2198 1050 in
2254 989 2401 1052 -sim
2446 997 2510 1051 et
2566 972 2759 1072 saepe

523 1089 716 1150 etiam
772 1087 1007 1151 formas
1067 1088 1129 1150 in
1187 1089 1375 1153 -e‘rim
1392 1089 1440 1169 ²)
1498 1089 1563 1154 in
1620 1090 1834 1173 prisca
1889 1089 2209 1153 latinitate
2277 1088 2499 1154 eodem
2569 1090 2754 1154 modo

524 1188 822 1253 adhiberi
874 1198 1067 1274 atque
1119 1190 1598 1256 coniunctivum
1654 1201 1717 1255 et
1773 1192 2138 1275 optativum
2167 1191 2416 1255 'Graeci
2460 1191 2754 1255 aoristi.

526 1291 644 1353 Est
664 1290 866 1375 igitur
889 1311 967 1354 ne
991 1292 1192 1373 saxis
1211 1290 1315 1357 vel
1346 1293 1683 1375 nefeceris
1710 1293 1878 1356 idem
1915 1313 1991 1356 ac
2020 1285 2103 1372 m*
2146 1283 2389 1377 ποιήσῃ
2428 1301 2491 1356 et
2518 1292 2754 1358 dixerit

522 1391 842 1476 quispiam
884 1392 1050 1456 idem
1071 1404 1078 1410 ’
1097 1401 1289 1478 atque
1330 1386 1509 1457 εἴποι
1547 1388 1794 1472 (λέξειέ,
1842 1384 2096 1478 φήσειέ)
2139 1414 2241 1468 τις
2286 1383 2382 1469 ἄν.
2454 1392 2753 1458 Ceterum

522 1493 691 1557 idem
734 1493 861 1556 iam
905 1493 1101 1557 sensit
1142 1493 1215 1562 F.
1260 1494 1568 1558 Ellendt
1598 1494 1685 1577 3):
1738 1517 1882 1559 non
1928 1495 2200 1576 dicam,
2237 1495 2464 1579 inquit,
2510 1497 2566 1558 et
2608 1516 2754 1559 non

522 1596 846 1661 dixerim
900 1595 1108 1659 eodem
1162 1595 1340 1660 modo
1395 1595 1699 1681 differant
1742 1615 1861 1678 quo
1919 1594 2171 1661 Graeca
2216 1584 2335 1659 οὐκ
2366 1589 2450 1658 ‹322›
2493 1591 2750 1678 λέγοιμι

523 1700 579 1759 et
622 1684 740 1759 οὖκ
784 1689 862 1758 ἂν
904 1691 1183 1776 λέξαιμι.
1271 1697 1414 1761 Non
1467 1698 1666 1780 igitur
1720 1697 1988 1781 perfecti
2042 1699 2436 1764 coniunctivi
2494 1721 2648 1764 usus
2690 1700 2754 1760 in

521 1798 848 1862 sententiis
904 1818 1072 1882 quae
1133 1804 1281 1858 sunt
1338 1798 1619 1861 vetantis
1678 1796 1781 1861 vel
1841 1797 2069 1863 leniter
2126 1800 2564 1864 contendentis
2608 1822 2752 1863 cum

520 1898 911 1983 Zumpti04),
943 1895 1477 1978 Lindemanno5),
1521 1898 1779 1963 Holtzio
1796 1898 1847 1982 6)
1893 1899 2035 1964 aliis
2075 1922 2158 1964 ex
2186 1900 2377 1984 logici
2398 1901 2533 1985 (vel
2569 1922 2758 1986 prae-

523 2003 788 2079 sentiae)
852 1999 1121 2085 perfecti
1192 2007 1430 2063 natura
1497 2009 1595 2063 est
1653 2000 2098 2084 explicandus,
2152 2000 2263 2065 sed
2329 2002 2395 2064 in
2448 2002 2754 2066 eiusmodi
2835 2016 2838 2019 “

523 2102 874 2168 enuntiatis
904 2101 1386 2191 coniunctivum
1419 2101 1709 2166 historici
1734 2102 2070 2187 praeteriti
2105 2103 2240 2168 sive
2268 2103 2490 2167 aoristi
2530 2123 2759 2187 agnos·

519 2224 739 2269 camus
774 2211 1025 2289 oportet
1039 2202 1106 2278 ⁷).

691 2305 787 2368 Ac
822 2301 1317 2389 potentialem
1349 2302 1608 2387 quidem
1642 2302 2033 2367 coniunctivi
2055 2300 2323 2386 perfecti
2352 2323 2560 2383 usum,
2604 2324 2750 2365 cum

522 2406 925 2470 accuratiore
949 2404 1385 2490 disquisitione
1409 2402 1625 2467 adhuc
1646 2412 1889 2482 careat,
1913 2401 2033 2467 hac
2055 2404 2581 2467 commentatione
2607 2426 2750 2467 sum

522 2515 1012 2591 persecuturus:
1049 2505 1141 2568 ita
1171 2513 1404 2584 tamen,
1438 2512 1657 2567 utnon
1679 2503 1864 2567 modo
1892 2501 2269 2567 ‘historici
2298 2506 2639 2587 praeteri
2656 2506 2754 2585 ti'‚

697 2736 742 2797 1)
779 2738 1064 2797 Brugmann
1102 2737 1136 2784 1.
1174 2751 1214 2786 s.
1255 2751 1294 2784 ε.
1333 2751 1384 2799 p.
1423 2737 1506 2784 36.
1547 2740 1630 2784 56.
1669 2739 1751 2785 73.
1828 2738 2096 2785 Vetustum
2145 2738 2392 2784 aoristum
2430 2739 2746 2798 sigmaticum

520 2823 723 2869 omnino
775 2835 886 2869 cum
939 2823 1147 2884 perfecti
1202 2824 1599 2871 conformatione
1652 2836 1760 2871 esse
1798 2826 2124 2873 commixtum
2163 2826 2286 2871 satis
2325 2829 2513 2873 eertum
2553 2827 2751 2875 videtur

521 2910 745 2969 (Brugm.
783 2923 831 2969 p.
868 2910 950 2966 36,
987 2908 1042 2956 F.
1079 2907 1214 2956 Stolz
1250 2909 1349 2956 Zur
1385 2910 1418 2956 l.
1456 2909 1621 2958 v.-F1.
1661 2923 1709 2970 p.
1749 2910 1813 2955 43
1851 2921 1977 2970 sqq„
2016 2908 2158 2957 Osth.
2192 2925 2243 2972 p.
2283 2914 2382 2959 215
2420 2917 2560 2973 sqq.).

586 2985 589 2988 ¹
693 2994 736 3053 2)
772 2996 834 3043 V.
870 2996 1123 3044 Luebbert
1159 2996 1192 3044 1.
1232 3010 1270 3044 s,
1307 3009 1347 3044 s.
1384 3010 1433 3057 p.
1474 2996 1540 3041 30
1584 3007 1659 3055 sq.

693 3081 735 3140 ⁸)
773 3084 848 3130 De
887 3083 1063 3130 formis
1101 3087 1272 3131 enunt.
1310 3082 1504 3132 condic.
1543 3082 1578 3132 1.
1620 3082 1725 3129 Lat.
1765 3081 2097 3142 (Regimontii
2146 3084 2293 3141 1827)
2326 3099 2378 3146 p.
2418 3088 2501 3134 31.

692 3168 740 3230 4)
777 3170 995 3219 Gramm.
1031 3171 1072 3227 ἓ.
1111 3170 1230 3215 528.
1290 3168 1512 3217 Praefert
1545 3172 1710 3215 tamen
1765 3181 1872 3215 eam
1923 3171 2181 3232 rationem,
2219 3183 2283 3217 ex
2321 3184 2419 3232 qua
2455 3172 2587 3221 coni.
2622 3174 2747 3235 perf.

519 3259 670 3305 etiam
709 3261 785 3305 est
819 3271 910 3319 pro
949 3258 1080 3305 coni.
1119 3256 1276 3304 futuri
1312 3256 1493 3305 exacti.

685 3342 730 3400 5)
767 3342 847 3390 Ad
875 3340 1014 3403 Gapt.
1056 3343 1078 3390 1
1122 3345 1269 3401 243:
1299 3342 1404 3399 Eyo
1442 3345 1619 3390 tamen
1655 3342 1721 3388 in
1755 3355 1866 3388 eam
1904 3345 2211 3391 sententiam
2260 3346 2478 3403 inclinO,
2530 3350 2590 3394 ut
2626 3349 2746 3396 haec

519 3434 697 3479 omnia
734 3430 867 3489 [scil.
908 3432 1087 3478 formas
1123 3432 1295 3478 littera
1320 3445 1344 3477 s
1384 3428 1639 3488 insignes]
1679 3431 1953 3478 existimen
1976 3430 2221 3491 perfecta,
2259 3446 2389 3491 quae
2426 3437 2602 3482 tamen
2636 3450 2748 3483 non

515 3532 638 3565 raro
674 3522 874 3566 natura
909 3531 1008 3566 sua
1043 3521 1104 3565 ut
1140 3519 1322 3565 omnia
1356 3516 1585 3577 perfecta
1617 3528 1742 3573 pra
1762 3530 1785 3564 e
1807 3531 1831 3563 s
1851 3519 2039 3566 entis
2075 3522 2345 3566 notionem
2382 3524 2656 3571 asciscant.

695 3601 737 3661 6)
777 3604 921 3664 Synt.
942 3606 1089 3663 prise.
1113 3616 1206 3652 scr.
1228 3603 1336 3650 Lat.
1359 3603 1407 3649 11
1434 3606 1521 3651 79:
1562 3603 1769 3650 Actio
1790 3615 1909 3660 per
1944 3605 2356 3654 antecedens
2387 3610 2587 3669 quasi
2611 3612 2746 3656 iam

513 3693 916 3751 praeterita
948 3690 1274 3752 finyitur
1310 3695 1372 3738 et
1405 3693 1634 3738 animo
1670 3697 2283 3751 repraesentatur.

690 3776 736 3839 ⁷)
776 3779 846 3827 Ne
894 3778 1080 3826 dixeris
1136 3783 1185 3825 et
1221 3778 1407 3825 disserit
1442 3780 1701 3839 quispiam
1748 3778 1905 3824 simil.
1941 3792 2031 3839 per
2079 3784 2231 3827 totam
2287 3781 2388 3827 fere
2444 3781 2745 3828 latinitatem

515 3870 651 3912 erant
691 3867 744 3912 in
783 3879 911 3914 usu:
969 3865 1057 3913 sed
1109 3867 1260 3913 latius
1312 3865 1445 3925 apud
1484 3867 1675 3925 priscos
1723 3865 1928 3926 patebat
1980 3865 2071 3912 illa
2108 3867 2241 3913 coni,
2292 3868 2415 3925 perf.
2450 3869 2745 3927 proprietas.

516 3952 832 3999 ponebantur
852 3954 986 3999 enim
1020 3954 1272 4014 pleniores
1312 3954 1496 4001 formae
1521 3952 1693 3999 eodem
1722 3965 1871 3999 sensu
1895 3966 1952 4000 ac
1986 3953 2242 3999 breviores
2269 3954 2421 3999 etiam
2449 3955 2499 3999 in
2530 3954 2745 4014 optando

516 4038 770 4099 (quamvis
809 4042 949 4096 raro),
1012 4041 1063 4085 in
1101 4040 1364 4102 precando,
1421 4046 1533 4101 post
1570 4040 1843 4101 particulas
1878 4043 1939 4085 ut
1985 4044 2035 4086 et
2069 4054 2149 4100 ne,
2199 4040 2249 4085 in
2289 4040 2589 4101 quibusdam
2626 4042 2745 4088 aliis

518 4126 834 4175 secundariis
873 4129 1182 4175 enuntiatis:
1221 4143 1265 4177 v.
1308 4127 1558 4175 Luebbert
1595 4128 1629 4175 1.
1666 4141 1704 4173 s.
1743 4141 1781 4175 s.
1817 4141 1864 4189 Ρ.
1906 4128 1971 4175 30
2010 4138 2117 4186 sqq.
2154 4127 2235 4174 39.
2275 4130 2359 4175 5⁶2.
